2850 5018
678 328 742 391 246

133 524 205 567 rum
227 503 350 567 functio
372 503 415 566 sit
437 501 532 585 plane
554 500 658 568 civilis
681 504 713 565 et
734 500 807 585 plus
829 523 923 585 qnam
946 501 1098 587 profana,
1132 525 1208 570 suas
1236 508 1282 570 ta·

134 630 206 673 men
230 609 351 673 interea
373 607 465 672 nobis
496 607 673 671 obtrudunt
705 607 908 687 sanctitates,
941 630 1041 693 eoque
1071 609 1201 674 nomine
1228 632 1282 696 pa·

133 714 259 778 tiuntur
282 735 314 776 se
337 716 461 777 tantum
486 735 552 777 non
574 712 708 777 adorari.
741 713 784 777 Et
805 713 927 778 faciunt
948 713 1008 778 hoc
1031 713 1147 794 intuo,
1172 713 1282 794 Caesa,

133 821 321 902 conspeetu,
356 839 413 883 nee
442 819 474 882 id
497 818 609 897 modo,
644 819 850 883 verumetiam
882 841 954 884 suas
985 818 1147 884 foeditates
1175 821 1284 886 dextra

133 927 189 986 tua
211 922 336 987 defendi
359 923 481 988 volunt.
528 925 696 1007 Quousque
715 923 843 988 tandem
867 924 929 989 ista
960 924 1185 1008 perferentur?
1234 924 1283 990 An

132 1032 215 1095 hane
236 1035 360 1096 tantam
384 1031 546 1096 audaciam
569 1052 660 1095 nemo
682 1052 824 1114 unquam
848 1030 1028 1096 coercebit?
1073 1029 1159 1095 Deus
1181 1033 1283 1114 pater,

132 1138 170 1200 ut
193 1136 248 1200 irae
262 1157 327 1201 suae
341 1137 406 1200 vim
422 1141 517 1220 atque
532 1135 786 1221 magnitudinem
801 1135 893 1199 nobis
909 1133 1098 1212 ostenderet,
1121 1133 1284 1199 licentiam

132 1240 215 1305 hanc
237 1245 269 1305 et
291 1264 446 1306 summam
469 1240 708 1325 improbitatem
731 1239 765 1302 in
794 1260 852 1303 nos
883 1238 1022 1322 grassari
1053 1237 1221 1322 permisit,
1255 1242 1286 1302 et

134 1344 180 1409 ita
201 1366 311 1429 passus
334 1349 399 1423 est,
430 1344 553 1430 ingenii
586 1343 687 1407 nostri
718 1343 817 1407 aciem
849 1363 975 1407 omnem
999 1342 1215 1408 circumfundi
1239 1348 1285 1407 te-

134 1450 260 1528 nebris,
294 1455 331 1516 ut
359 1450 456 1515 etiam
484 1452 608 1514 mutata
635 1471 741 1512 rerum
771 1451 886 1512 natura
908 1450 940 1512 et
963 1449 1168 1524 condicione,
1204 1447 1286 1532 quod

133 1555 283 1619 vitiosum
306 1560 374 1620 erat
397 1561 429 1621 et
451 1555 622 1620 nefandum
652 1558 685 1619 et
715 1553 869 1637 impium,
900 1553 992 1618 nobis
1027 1553 1189 1645 videretur
1222 1574 1284 1618 esse

133 1659 233 1743 pium,
256 1659 425 1724 honestum
449 1666 481 1725 et
504 1664 749 1725 sacrosanctum.
795 1658 890 1724 Nunc
912 1681 1002 1737 vero,
1034 1663 1207 1743 postquam
1229 1680 1283 1744 pro

135 1763 290 1828 immensa
313 1765 456 1830 bonitate
478 1787 535 1830 sua
558 1786 615 1830 nos
638 1763 763 1852 itelrum
785 1764 943 1847 respexit,
973 1767 1007 1828 et
1028 1763 1148 1846 eripuit
1171 1786 1210 1830 ex
1232 1764 1285 1828 illa

136 1867 323 1934 densissima
345 1892 450 1935 rerum
474 1871 690 1956 ignoratione,
714 1871 800 1936 clara
822 1892 897 1936 roce
919 1871 1046 1948 invitat,
1070 1872 1108 1934 ut
1129 1870 1192 1935 hoc
1214 1874 1284 1935 tan·

135 1978 203 2038 tum
226 1975 292 2058 ejus
316 1976 502 2041 beneficium
525 1998 749 2063 agnoscamus,
781 1998 820 2040 ne
848 1974 1069 2060 conduplicata
1097 1977 1213 2040 nostra
1233 1975 1283 2039 de·

132 2080 209 2144 licta
231 2086 347 2166 cogant
370 2082 472 2166 ipsum
495 2082 535 2146 ad
557 2083 744 2146 severiorem
765 2103 910 2165 poenam,
943 2085 976 2146 et
1004 2078 1170 2144 medicinas
1198 2101 1284 2164 spem

133 2206 257 2249 omnem
280 2185 435 2251 auferant.
483 2187 560 2264 Quae
582 2186 625 2250 sit
646 2186 746 2270 ipsius
775 2186 940 2266 voluntas,
973 2189 1006 2249 et
1035 2183 1112 2269 quid
1143 2206 1165 2251 a
1194 2187 1283 2252 nobis

132 2290 292 2372 requirat,
322 2291 544 2375 consignatum
565 2291 694 2374 reliquit
716 2291 750 2355 in
774 2290 840 2355 suis
862 2293 1096 2372 monumentis,
1131 2313 1204 2375 quae
1225 2294 1283 2357 rni-

132 2394 263 2460 nisterio
286 2395 418 2480 spiritus
440 2396 481 2460 ad
496 2417 621 2460 omnem
637 2396 857 2480 posteritatem
872 2400 1060 2479 transmisit,
1083 2405 1123 2466 ut
1138 2404 1284 2468 extarent

132 2500 324 2584 sempiterna
346 2500 385 2564 de
405 2500 475 2585 ipso
497 2501 684 2567 documenta
706 2506 739 2567 et
761 2503 953 2568 testimonia.
1001 2504 1157 2570 Futuram
1188 2505 1282 2571 etiam

133 2625 213 2668 verse
235 2605 387 2670 doctrinae
410 2606 622 2671 miserabilem
645 2611 677 2671 et
698 2608 889 2672 horrendam
911 2611 1142 2689 vastationem,
1177 2615 1210 2675 et
1231 2631 1282 2674 ex·

134 2710 288 2774 orituram
312 2711 345 2775 in
368 2712 498 2776 eeclesia
527 2712 730 2797 tyrannidem
762 2713 938 2796 quandam,
973 2714 1117 2778 omnium
1148 2717 1284 2780 maximo

133 2813 302 2899 insignem,
327 2816 361 2880 in
384 2818 550 2900 postremis
573 2818 789 2902 temporibus,
824 2818 941 2883 diserte
956 2820 1220 2903 .praenuntiarit;
1253 2823 1284 2884 et

133 2940 170 2982 ea
191 2920 261 3004 ipsa
283 2922 362 2999 loca,
385 2922 499 3005 quibus
520 2923 587 2987 haec
609 2923 761 2988 vaticinia
784 2924 1004 3003 continentur,
1039 2925 1175 2990 obscura
1197 2924 1283 3009 prius

98 3095 101 3098 ⁴
134 3024 166 3087 in
191 3025 317 3110 magnis
339 3026 404 3090 illis
426 3026 578 3090 doetrinae
599 3028 759 3107 tenebris,
795 3050 881 3093 nunc
913 3029 1010 3094 etiam
1040 3029 1126 3093 inter
1155 3029 1222 3095 alia
1242 3029 1284 3094 sic

133 3130 284 3215 patefecit
306 3136 339 3195 et
361 3131 544 3210 illustravit,
566 3135 603 3196 ut
625 3132 707 3196 nihil
730 3133 865 3216 amplius
888 3133 1029 3199 dubitari
1051 3135 1166 3218 possit,
1190 3157 1284 3221 quam

134 3256 200 3299 rem
222 3239 318 3319 atque
340 3258 508 3320 personam
530 3237 706 3323 designent.
754 3237 814 3304 Sed
843 3243 875 3304 et
897 3240 962 3303 vim
984 3239 1073 3304 illam
1096 3243 1131 3305 et
1153 3241 1283 3326 injurias

133 3344 166 3405 et
195 3334 431 3421 contumelias,
449 3343 563 3428 quibus
592 3344 761 3427 imperium
784 3343 963 3410 Romanum
995 3349 1028 3409 et
1061 3347 1283 3431 magistratum
1311 3400 1315 3405 .

133 3446 241 3512 aDeo
264 3449 492 3526 constitutum,
525 3449 688 3515 asseculis
717 3451 785 3533 jam
815 3450 937 3534 aliquot
960 3450 1097 3516 Romani
1120 3454 1284 3536 pontifices

134 3554 316 3632 affecerunt,
341 3554 448 3620 eadem
471 3555 623 3620 vaticinia
644 3555 924 3639 comprehendunt.
957 3556 1000 3621 Et
1021 3561 1059 3621 ut
1081 3558 1211 3624 nullum
1232 3581 1283 3624 er·

133 3661 216 3722 taret
238 3659 403 3744 scripturae
425 3659 644 3725 testimonium
667 3660 765 3725 eade
794 3682 849 3738 re,
884 3666 1012 3739 tamen,
1047 3661 1075 3725 si
1107 3661 1282 3729 doctrinam

134 3764 274 3846 ipsorum
297 3769 329 3830 et
351 3766 596 3830 constitutiones
619 3768 652 3830 et
674 3764 874 3849 disciplinam
898 3770 930 3830 et
945 3766 1018 3830 vitae
1032 3765 1200 3832 licentiam
1217 3767 1283 3853 quis

134 3868 315 3947 intueatur,
338 3870 408 3935 fieri
431 3893 495 3935 non
517 3874 642 3955 potest,
677 3871 755 3954 quin
779 3874 865 3935 totus
888 3871 1060 3936 horrescat.
1105 3871 1181 3938 Nisi
1204 3873 1283 3938 enim

134 3978 239 4037 essent
260 3996 279 4037 a
303 3973 368 4040 Deo
392 3976 486 4060 plane
508 3976 617 4059 rejecti
639 3980 673 4040 et
695 3976 858 4054 destituti,
882 3998 946 4041 non
969 3977 1155 4043 laberentur
1177 3998 1283 4044 omnes

133 4080 168 4142 in
191 4101 258 4144 eam
282 4082 398 4146 mentis
414 4083 573 4147 vesaniam
589 4087 621 4147 et
632 4082 699 4147 haee
714 4086 805 4147 tauta
820 4087 949 4166 tamque
965 4082 1136 4150 manifesta
1150 4085 1280 4172 flagitia

133 4185 184 4250 Sic
205 4185 290 4250 euim
313 4207 347 4249 se
362 4189 548 4270 comparant
564 4190 632 4250 tota
646 4187 722 4264 vita,
746 4186 846 4269 quasi,
870 4185 963 4272 [Yij]
986 4188 1041 4271 qui
1064 4188 1172 4253 locum
1195 4190 1282 4255 illum

134 4295 165 4355 et
187 4292 317 4356 honoris
339 4292 472 4378 gradum
503 4297 610 4371 tenet,
642 4293 729 4358 hune
756 4299 900 4377 oporteat
922 4294 957 4358 in
979 4294 1067 4357 omni
1091 4315 1210 4380 genere
1230 4317 1281 4360 ne-

135 4396 243 4479 quitiae
266 4398 462 4484 singularem
485 4401 517 4463 et
539 4399 745 4464 excellentem
768 4421 842 4464 esse.
