2850 5018
769 328 829 391 122

222 495 345 563 interea
367 521 491 585 magnae
513 501 596 564 fiunt
618 501 809 566 accessiones
831 501 870 565 ad
892 500 973 580 illos,
997 506 1030 566 et
1049 503 1054 584 Ι
1073 524 1157 581 voa,
1174 508 1212 568 ut
1233 509 1283 569 est
1305 526 1376 570 cre·

221 603 328 681 dibile,
352 606 493 670 nondum
516 606 591 670 estis
614 606 653 669 ad
674 605 842 670 'concilium
868 605 1026 669 instructi.

310 708 341 773 Si
365 711 483 773 nostris
507 710 540 774 in
563 710 680 774 finibus
702 715 793 786 esset,
817 714 965 794 utsupra
981 711 1127 791 diximus,
1150 713 1376 780 cardinalicius

222 815 277 879 ille
297 819 440 893 senatus,
471 820 503 880 et
533 816 567 880 in
584 815 812 899 ,impurissima
834 816 901 880 vita
924 815 985 879 sibi
1008 819 1133 881 tantam
1154 824 1295 884 sumeret
1318 843 1375 904 po-

222 923 380 998 testatem,
403 921 577 984 rectissime
600 924 746 1004 possent,
770 924 807 984 ut
828 920 908 985 mihi
931 921 1058 1003 quidem
1080 922 1214 1001 videtur,
1238 925 1277 988 ad
1302 947 1376 990 eum

222 1026 368 1103 modum,
401 1027 483 1090 sicut
511 1026 731 1109 exposuimus,
766 1025 973 1109 interpellari.
1026 1025 1105 1091 Duae
1138 1033 1214 1093 sunt
1243 1031 1376 1094 omnino

222 1152 332 1208 causae,
356 1152 411 1194 cur
435 1131 599 1195 adversum
622 1133 776 1213 tyrannos
799 1129 996 1194 concitentur
1019 1130 1179 1211 homines,
1209 1134 1319 1198 odium
1343 1139 1376 1200 et

223 1240 434 1319 contemptus.
484 1234 568 1299 Nam
592 1256 697 1298 amare
720 1256 812 1297 nemo
836 1239 942 1318 potest
963 1235 1036 1300 illos
1059 1241 1190 1322 propter
1213 1239 1373 1304 vafritiem

225 1345 256 1406 et
279 1340 508 1406 crudelitatem·
554 1338 588 1405 Si
610 1345 762 1423 praeterea
784 1338 850 1403 sint
881 1339 1091 1424 voluptuarii,
1121 1346 1369 1410 contemnuntur

223 1446 330 1524 etiam,
354 1445 436 1529 qnod
459 1444 681 1529 Sardanapalo,
706 1445 789 1528 quod
812 1445 904 1510 alteri
928 1445 1082 1532 Dionysio
1106 1448 1279 1534 multisque
1303 1451 1375 1516 aliis

222 1553 369 1638 contigit.
400 1550 439 1614 In
455 1550 515 1616 hoc
537 1555 641 1616 autem
665 1553 776 1614 senatu
800 1555 992 1616 concurrunt
1008 1553 1108 1617 ambae
1124 1575 1234 1619 causae.
1266 1554 1374 1640 Rapa·

110 1655 113 1663 ’
223 1656 352 1720 citatem
382 1657 524 1742 ipsorum
556 1658 628 1741 plus
658 1678 754 1738 quam
776 1654 946 1721 Verrinam
979 1660 1102 1742 experti
1126 1681 1245 1725 sumus.
1292 1661 1376 1726 Mol·

223 1760 326 1826 litiem
349 1767 456 1827 autem
477 1767 509 1827 et
531 1763 726 1845 voluptateS,
757 1765 789 1826 et
818 1784 855 1828 ea
883 1785 953 1846 quae
982 1764 1051 1828 sine
1074 1763 1193 1847 pudore
1217 1767 1378 1832 nominari

222 1889 286 1932 non
310 1872 460 1952 possunt,
494 1892 534 1932 an
559 1867 674 1951 aliquis
706 1868 855 1952 ignorat?
900 1866 941 1931 Et
972 1891 1153 1952 quanquam
1184 1869 1252 1936 haec
1275 1871 1322 1935 ita
1344 1895 1377 1936 se

221 1972 350 2051 habent,
373 1977 489 2052 tamen,
514 1974 588 2057 quia
610 1976 685 2037 sunt
707 1973 871 2058 aliquanto
895 1975 1094 2053 remotiores,
1129 1998 1186 2040 nec
1216 1976 1250 2040 in
1276 1979 1376 2042 oculis

790 2095 806 2133 a

222 2184 284 2247 neit
305 2183 430 2248 werden
452 2185 498 2248 sie
520 2185 656 2249 imerdar
677 2188 840 2262 zhnemen,
864 2185 956 2249 dweil
980 2186 1008 2248 ir
1032 2189 1103 2250 zdm
1127 2185 1271 2251 Concilio
1295 2188 1374 2254 noch

222 2289 272 2352 nit
294 2289 393 2375 fertig
417 2289 516 2367 seind,
540 2290 599 2354 wie
625 2290 795 2375 gleublich.

310 2395 381 2478 [77]
404 2394 510 2460 Wenn
533 2394 577 2459 sie
599 2395 651 2460 bei
674 2418 734 2459 uns
751 2400 867 2473 utinen,
890 2417 948 2481 sag
971 2394 1034 2472 ich,
1058 2396 1286 2482 gegenwertig,
1310 2398 1373 2461 und

220 2499 272 2563 ein
295 2501 384 2564 solch
407 2500 497 2565 leben
521 2495 656 2577 ffireten,
679 2501 738 2564 wie
761 2501 806 2564 sie
828 2500 913 2565 dann
936 2502 1029 2579 thnn,
1053 2499 1110 2564 hat
1134 2522 1207 2565 man
1227 2503 1286 2586 ja¹
1310 2504 1375 2567 auli

220 2604 287 2669 dise
309 2605 388 2670 weid
412 2606 472 2669 mit
486 2606 560 2670 inen
577 2610 616 2670 alr
631 2605 841 2682 conversiren,
858 2628 906 2670 wo
919 2604 931 2641 ²
946 2607 992 2670 sie
1008 2606 1082 2669 inen
1098 2605 1226 2670 solchen
1241 2629 1373 2692 grossen

220 2711 338 2796 gewalt
360 2712 489 2775 wttrden
512 2733 687 2789 anmassen‚
714 2709 788 2796 ³ytz
812 2712 896 2789 aber,
921 2734 955 2776 so
978 2712 1024 2775 sie
1047 2714 1143 2775 etwas
1163 2712 1289 2777 weiters
1312 2735 1372 2777 von

220 2838 281 2879 uns
304 2816 411 2893 seind,
434 2816 513 2881 weill
547 2816 596 2880 nit
621 2839 682 2881 was
704 2839 778 2881 man
800 2839 857 2881 vor
880 2816 1090 2903 imagination
1113 2815 1220 2880 haut
1268 2818 1372 2883 Wenn

221 2921 266 2985 sie
289 2921 322 2984 in
345 2920 478 3001 lndien,
513 2921 577 2985 und
600 2922 635 2985 in
658 2921 796 2986 Priester
818 2921 939 2986 Johans
963 2921 1038 2985 land
1062 2921 1130 2984 iren
1154 2921 1227 2986 stul
1249 2923 1371 3000 h'a’tten,

221 3048 256 3091 so
279 3027 366 3090 wlird
390 3049 464 3090 man
486 3049 630 3111 meynen,
656 3050 688 3091 es
711 3031 794 3091 w’aire
817 3027 899 3091 noch
913 3031 1038 3111 gr'osser
1054 3026 1289 3113 heyligthumb.
1324 3028 1372 3094 sie

221 3133 341 3197 habens
364 3133 437 3197 nbel
460 3132 627 3208 versehen,
652 3132 706 3196 das
730 3131 776 3194 sie
798 3130 866 3195 sich
889 3152 922 3194 so
946 3129 1028 3194 nahe
1050 3130 1102 3193 bei
1125 3153 1185 3194 uns
1210 3131 1370 3196 Barbaren

222 3239 327 3304 haben
349 3239 439 3302 nider
462 3237 661 3323 geschlagen,
684 3238 742 3300 wir
764 3237 853 3300 seind
877 3258 936 3319 eyn
962 3234 1068 3319 wenig
1090 3235 1207 3313 ranhe,
1238 3239 1304 3301 und
1327 3254 1372 3299 wo

221 3344 280 3407 wir
303 3344 459 3421 merchen,
483 3343 537 3406 das
561 3364 592 3406 es
616 3343 665 3405 nit
688 3342 777 3406 recht
798 3339 943 3426 adgehet,
968 3339 1054 3403 fallen
1077 3341 1135 3403 wir
1157 3342 1217 3418 nit,
1246 3343 1372 3406 wurdcn

221 3448 301 3512 auch
325 3448 466 3513 villeicht
487 3468 522 3510 so
545 3448 636 3531 lang,
668 3447 731 3510 und
766 3445 922 3511 bidanher
955 3446 1005 3508 nit
1027 3446 1147 3530 gefalet
1170 3447 1294 3525 haben,
1326 3467 1372 3510 wo

221 3555 377 3639 gemelte,
412 3554 465 3617 des
487 3552 716 3636 Nebenhaupts
740 3574 850 3615 unsers
873 3550 994 3628 feinds,
1032 3551 1198 3635 vereydete
1230 3553 1296 3618 und
1318 3574 1373 3638 ge·

223 3659 333 3744 dingte
356 3659 601 3734 lolrnschreiber,
626 3658 686 3721 mit
708 3657 835 3721 solchen
855 3655 946 3719 ihren
968 3655 1105 3740 gittigen
1132 3657 1285 3742 predigen
1310 3658 1373 3722 und

221 3765 393 3842 schriften,
417 3766 513 3829 wider
536 3765 587 3829 ihr
610 3784 711 3848 eygen
734 3763 905 3847 gewissen,
929 3761 1054 3825 Herren
1078 3761 1143 3824 und
1167 3761 1303 3827 Fiirstcn
1327 3763 1376 3827 nit

220 3867 409 3936 verfirreten.
441 3871 483 3935 Es
499 3873 575 3936 mut
600 3869 726 3935 freilich
748 3891 806 3953 gar
829 3869 902 3932 ohel
926 3867 1001 3931 umb
1024 3889 1085 3930 uns
1107 3868 1229 3946 stehen,
1254 3869 1376 3933 dieweil

220 3999 305 4055 man,
330 3976 363 4039 in
387 3997 421 4039 so
445 3976 486 4039 vil
507 3977 615 4059 jaren,
642 3975 724 4039 nach
748 3996 781 4038 so
806 3974 887 4038 vileu
912 3973 1142 4057 Reichdtagen,
1168 3973 1232 4036 und
1256 3974 1376 4038 andern

220 4080 419 4157 beikunften,
442 4079 492 4143 nit
516 4079 606 4143 mehr
621 4078 763 4142 erhalten
779 4077 845 4141 und
860 4076 1047 4161 auligericht
1063 4075 1143 4140 hatt.
1176 4077 1250 4141 Und
1267 4099 1377 4142 wenna

789 4179 803 4208 2

293 4237 305 4288 l
326 4233 425 4302 (druch
447 4236 468 4288 1.
489 4236 514 4288 2.
533 4235 561 4304 3)
580 4233 623 4287 nit
641 4235 715 4288 statt
732 4233 772 4302 ja.
862 4234 878 4285 2
897 4249 979 4286 wenn
997 4233 1071 4286 statt
1089 4249 1140 4287 wo.
1230 4235 1247 4287 3
1268 4236 1344 4289 statt
1362 4238 1379 4291 3

220 4320 264 4376 bis
282 4323 315 4376 3:
351 4323 519 4376 armassent
555 4323 602 4377 Ich
621 4321 699 4376 weiss
726 4321 794 4376 aber
820 4320 879 4384 nit,
909 4337 965 4374 was
992 4337 1061 4374 man
1094 4320 1140 4372 ffir
1167 4320 1292 4376 fantasei
1320 4323 1378 4378 und

220 4408 416 4480 imagination,
434 4410 565 4479 petrum,
584 4428 614 4466 so
631 4409 670 4466 sie
688 4411 776 4465 etwas
794 4408 903 4464 weiters
922 4426 978 4464 von
996 4425 1048 4462 uns
1062 4408 1148 4473 seind,
1167 4426 1224 4464 von
1235 4409 1304 4466 inan
1318 4412 1380 4467 hat.
