2850 5018
685 354 742 413 151

133 523 220 588 haud
236 523 332 589 dubie
348 523 608 607 deprehenderas,
631 526 716 588 visus
732 549 764 589 es
778 525 926 617 deinceps
942 547 1005 589 non
1021 527 1115 608 paulo
1132 525 1292 590 remissius
1320 572 1326 580 -

132 650 229 714 agere
244 651 341 711 quam
352 634 455 699 antea.
479 630 633 695 Reversus
646 631 729 694 enirn
743 631 776 694 in
790 630 970 714 Hispanias,
983 631 1104 694 duobus
1116 631 1290 713 interjectis

134 734 239 812 annis,
262 733 449 799 Africanam
466 735 552 799 illam
570 736 761 818 suscipiebas
779 736 916 800 nobilem
932 736 1173 821 expeditionem,
1192 758 1291 819 eoque

134 839 219 904 bello
241 839 378 904 feliciter
401 841 544 905 confecto
566 840 732 925 Neapolim
757 864 794 906 ac
816 842 849 905 in
866 841 992 905 ltaliam
1019 842 1092 906 inde
1112 840 1289 905 citeriorem

131 945 263 1010 venisti.
288 943 356 1019 Quo
375 949 517 1028 tempore
535 967 606 1009 cnm
625 932 805 1010 exultarent
817 946 984 1029 pontificii,
1001 950 1161 1029 tuamque,
1177 944 1289 1025 Caesar,

133 1049 311 1126 victoriam,
335 1070 424 1113 suam
441 1072 508 1114 esse
530 1053 690 1134 putarent,
713 1051 855 1133 ipsorum
878 1051 1050 1117 adversarii
1073 1050 1232 1135 principes
1255 1073 1291 1115 ac

132 1155 262 1219 ordines
294 1154 440 1239 imperii,
476 1177 554 1239 quos
588 1155 741 1238 ejusmodi
773 1156 875 1238 plenae
910 1156 1070 1221 minarum
1099 1155 1290 1239 jactationes

130 1259 234 1324 latere
258 1281 322 1324 non
345 1263 510 1342 poterant,
534 1260 637 1327 missis
659 1260 698 1324 ad
722 1264 754 1324 te
777 1261 810 1323 in
835 1260 962 1324 ltaliam
987 1262 1121 1339 litteris,
1153 1283 1289 1344 expone·

131 1365 222 1441 bant,
248 1365 425 1447 cujusmodi
448 1368 674 1450 spargerentur
696 1387 857 1442 rumores,
894 1370 925 1430 et
949 1388 1044 1449 quam
1070 1388 1134 1431 non
1157 1368 1288 1431 obscure

133 1469 266 1552 quidam
290 1469 572 1552 praeseferrent,
604 1476 731 1553 pactum
764 1471 842 1535 illud
866 1471 1137 1555 Norenbergicum
1161 1475 1193 1535 et
1215 1469 1290 1534 huic

134 1597 299 1639 annexum
321 1574 459 1640 edictum
483 1579 574 1640 tuum
597 1576 829 1641 Ratisbonense
851 1599 915 1640 non
938 1581 1099 1642 servatum
1123 1577 1174 1641 iri.
1213 1576 1289 1652 Qui-

704 1713 722 1753 c

139 1821 209 1905 [97]
234 1819 352 1884 Estant
374 1819 412 1882 de
438 1823 546 1883 retour
575 1840 614 1883 en
638 1819 799 1906 Espagne,
831 1823 911 1885 deux
934 1844 991 1886 ans
1014 1843 1104 1904 apres
1127 1824 1163 1884 tu
1187 1822 1292 1883 entre·

135 1926 225 2010 prins
250 1947 285 1989 ce
307 1926 402 1990 noble
424 1947 544 2010 voyage
566 1924 748 2009 d’Afrique:
772 1926 907 2012 laquelle
923 1948 1035 2010 guerre
1050 1925 1291 1989 heureusement

136 2030 278 2106 achardo,
302 2036 338 2094 tu
362 2031 433 2094 vine
444 2047 475 2094 3
499 2029 632 2114 Naples‚
661 2032 753 2096 etde
776 2033 807 2095 13
831 2054 869 2095 en
894 2031 948 2095 1Ἰ1
950 2032 1011 2096 alie
1034 2031 1109 2117 deca
1130 2031 1175 2094 les
1198 2051 1290 2093 mons

136 2133 336 2219 Appennins.
382 2135 432 2199 En
455 2157 489 2200 ce
512 2141 614 2219 temps
636 2138 682 2200 les
706 2136 817 2221 Papist
819 2160 851 2201 es
875 2135 1174 2220 triomphoyent,e
1176 2135 1289 2198 testi·
1343 2134 1348 2149 '

137 2244 267 2324 moyent
290 2239 486 2316 tavictoire
510 2240 634 2304 sienne.
662 2262 805 2325 parquoy
827 2241 911 2304 leurs
934 2240 1136 2316 adversaires,
1162 2238 1289 2302 Princes

137 2349 167 2407 et
153 2336 299 2408 tEstats
324 2344 361 2407 de
392 2343 560 2427 l'Elmpire,
592 2346 645 2430 qui
677 2350 830 2429 savoyent
859 2346 904 2408 les
928 2345 1085 2409 vanteries
1108 2345 1161 2406 des
1185 2347 1290 2406 autres

136 2449 256 2533 pleines
273 2448 311 2512 de
327 2469 479 2522 menecea,
497 2450 706 2513 t'escrivirent
722 2471 761 2513 en
778 2450 872 2514 ltalie
887 2450 975 2532 quels
991 2449 1094 2512 bruits
1106 2451 1289 2532 couroyent‚

137 2558 167 2618 et
189 2556 365 2639 qu'aucuns
388 2558 607 2638 monstroyent
630 2577 703 2619 sans
726 2557 795 2619 rien
818 2553 1045 2641 de[98]guiser,
1072 2575 1133 2637 que
1155 2552 1289 2616 l'accord

137 2660 172 2723 de
195 2658 396 2743 Noremberg
418 2680 551 2743 aveques
574 2659 711 2742 l¹[e]dict
734 2661 771 2724 de
795 2661 970 2725 Ratisbone
992 2663 1011 2723 a
1033 2659 1135 2744 iceluy
1158 2657 1288 2735 annexe,

703 2798 720 2836 ’l‘

137 2905 208 2988 [14]
235 2903 359 2988 Porque
382 2903 514 2968 aviendo
537 2905 644 2968 buelto
668 2928 687 2967 a
709 2903 835 2988 Esparia
860 2905 914 2969 dos
939 2913 1015 2969 afros
1039 2903 1190 2986 despuas,
1222 2921 1290 2962 em·

136 3004 269 3093 prendio
291 3009 382 3091 aquel
406 3012 461 3071 tan
487 3009 598 3072 ilustre
621 3013 751 3091 sperato
775 3009 812 3072 de
835 3031 948 3093 guerra
981 3011 1092 3072 contra
1115 3006 1237 3069 Tunez:
1268 3028 1289 3088 y

136 3115 273 3180 acabada
295 3118 552 3197 prosperamente
574 3113 701 3198 aquella
723 3136 874 3197 emprmn,
899 3114 974 3177 vino
997 3136 1016 3177 3
1034 3110 1184 3195 11300103,
1208 3133 1229 3194 y
1252 3109 1290 3173 de

136 3220 190 3283 alli
214 3241 233 3282 a
255 3217 456 3282 Lornbardia.
504 3217 552 3281 En
588 3219 679 3303 aquel
712 3219 831 3302 tiernpo
866 3219 966 3282 daven
999 3216 1097 3280 saltos
1126 3215 1163 3278 de
1186 3215 1291 3298 plener

135 3323 181 3388 los
208 3323 372 3407 Papulas,
407 3323 568 3407 pensando
599 3346 659 3406 que
687 3324 719 3387 la
749 3324 882 3387 victoria
905 3324 942 3388 de
964 3327 1091 3387 vuestra
1113 3320 1288 3406 Magastad‚

136 3451 188 3493 era
212 3450 290 3513 para
314 3428 446 3492 utilidad
471 3429 586 3493 dellos:
619 3434 760 3493 estonces
784 3428 831 3493 los
855 3429 1019 3513 Principes
1041 3451 1062 3512 y
1086 3426 1217 3490 ordenes
1240 3425 1290 3489 del

135 3533 274 3620 Imperio
298 3521 491 3598 adversarios
515 3556 621 3618 suym,
646 3556 706 3617 que
729 3556 771 3597 no
794 3535 947 3618 pudieron
972 3535 1067 3598 denar
1086 3533 1123 3596 de
1139 3530 1290 3596 entender

136 3644 218 3704 estas
241 3639 399 3716 bravezas
423 3639 523 3703 llen'us
546 3639 584 3703 de
608 3661 771 3704 amenazas
794 3663 816 3724 y
838 3641 940 3717 fieres
965 3641 1037 3722 [15]
1062 3661 1122 3721 que
1138 3660 1170 3701 se
1186 3636 1289 3699 divul-

135 3767 249 3831 33030,
273 3744 461 3809 escrivieron
485 3767 503 3807 3
526 3751 652 3808 vuestra
675 3744 750 3830 Mag
731 3748 800 3807 cest
786 3745 840 3808 tad
863 3744 993 3809 altalia
1009 3767 1072 3807 una
1089 3746 1176 3806 carta
1143 3739 1290 3805 tsobre

136 3850 208 3928 ello,
232 3871 271 3913 en
295 3849 327 3913 la
342 3850 424 3934 qual
450 3849 633 3914 declaravan
656 3850 704 3912 los
727 3871 906 3940 rumoresy
926 3850 958 3912 la
980 3848 1066 3912 fama
1090 3869 1149 3930 que
1172 3844 1290 3909 corria:

136 3978 156 4040 y
178 3977 263 4039 quan
290 3955 481 4019 claramonte
499 3955 598 4018 daven
617 3956 750 4041 algunos
774 3979 793 4019 a
816 3959 870 4018 001
856 3956 966 4019 tender
991 3976 1051 4037 que
1075 3975 1115 4015 no
1138 3973 1171 4014 se
1193 3934 1289 4034 girar-

138 4060 226 4125 daria
249 4059 278 4124 el
301 4059 459 4124 concierto
425 4061 523 4125 tde
546 4060 776 4145 Norimberga,
808 4083 828 4144 y
852 4060 938 4123 elt
904 4064 974 4123 otro
997 4058 1099 4122 edicto
1122 4056 1159 4120 de
1181 4053 1255 4118 Rat'
1246 4076 1289 4117 rs·

705 4196 723 4236 *

137 4306 187 4370 die
209 4306 284 4370 sach
308 4305 448 4369 ebermal
471 4304 649 4387 personlich
672 4306 899 4389 surgenomen,
934 4302 999 4367 und
1022 4303 1056 4365 in
1080 4301 1211 4365 anderen
1234 4321 1289 4385 ge·

136 4412 214 4477 stalt
237 4410 339 4475 weder
363 4409 486 4488 vorhin,
517 4410 598 4476 thrin
622 4408 870 4473 underhandlen.
979 4481 983 4489 .
