2850 5018
701 318 742 381 89

135 492 201 578 ipsi
227 514 293 557 non
326 492 527 569 diffitemini,
560 489 636 575 quid
659 511 745 554 nunc
766 489 855 554 illius
877 488 949 553 odio
972 487 1133 572 pontifex,
1164 488 1296 571 quivos

134 603 204 662 tam
231 598 430 682 gravitaret
454 596 576 661 adflixit
598 599 631 660 et
657 595 841 672 ludificavit,
867 596 1113 680 propugnatur?

216 702 346 785 'Quodsi
375 702 539 768 ferendum
568 701 664 766 fuisse
694 701 814 785 putatis
837 699 1029 778 Lutherum,
1060 700 1152 765 modo
1175 699 1295 764 consti-

135 809 232 872 tisset
254 808 344 873 intra
365 807 518 892 ejusmodi
534 806 683 871 vitiorum
699 807 984 891 reprehensionem,
1010 828 1094 870 nunc
1109 827 1192 884 vero,
1220 806 1296 890 quia

134 914 268 998 longius
305 914 348 977 sit
383 918 551 999 evagatus,
586 913 681 977 aliam
704 935 771 978 esse
794 913 951 977 rationem
973 913 1177 991 existimatis,
1212 912 1295 976 nihil

138 1024 221 1084 certe
244 1022 385 1084 vestram
407 1020 467 1084 hoo
490 1023 617 1083 excusat
640 1019 893 1096 cunctationem,
927 1026 983 1083 aut
1005 1020 1208 1097 tarditatem,
1239 1018 1295 1101 qui

139 1146 183 1202 ea,
208 1146 348 1209 quorum
372 1125 504 1190 illesos
528 1125 703 1203 admonuit,
727 1146 858 1208 quaeque
879 1147 934 1189 vos
961 1130 1045 1189 recte
1067 1125 1231 1208 judicastis
1254 1123 1294 1189 ab

138 1233 208 1316 ipso
238 1231 340 1296 fuisse
370 1230 546 1314 patefacta,
582 1253 647 1296 non
677 1230 869 1296 emendastis
902 1231 935 1294 in
965 1230 1049 1295 hunc
1078 1252 1178 1314 usque
1201 1230 1292 1298 diem.

136 1337 200 1402 seu
232 1337 411 1421 largiamur
443 1337 503 1402 hoc
538 1337 642 1415 vobis,
679 1338 889 1423 longinquam
918 1335 1007 1400 illam
1041 1336 1294 1421 progressionem

137 1441 273 1506 liutheri
296 1442 385 1506 vobis
408 1442 573 1526 displicere
596 1465 660 1507 non
682 1442 809 1526 injuria,
839 1441 1001 1507 veniamus
1028 1441 1067 1505 ad
1090 1462 1156 1504 rem
1180 1442 1292 1524 ipsam,

136 1548 195 1613 hoc
217 1550 269 1612 est
292 1547 332 1611 ad
361 1568 416 1624 ea,
449 1569 519 1630 quae
541 1548 666 1632 publice
697 1555 728 1613 et
759 1549 840 1613 serio
868 1548 1006 1631 petiistis
1029 1570 1049 1612 a
1071 1547 1221 1634 pontifice
1243 1546 1293 1612 vel

138 1653 285 1739 mitigari
309 1653 358 1717 vel
381 1653 511 1718 omnino
535 1654 615 1717 tolli.
662 1652 763 1731 Certe,
788 1655 870 1737 quod
893 1675 990 1737 supra
1013 1653 1160 1730 diximus,
1183 1674 1292 1717 verum

137 1764 205 1837 est,
229 1759 289 1823 illa
313 1760 421 1824 omnia
443 1762 510 1823 tam
532 1781 600 1824 esse
622 1763 732 1838 taetra,
769 1760 890 1838 fastus,
914 1759 1114 1836 ambitionis,
1140 1758 1291 1837 avaritiae,

137 1863 328 1947 petulantia
357 1867 389 1927 et
422 1865 606 1948 rapacitatis
636 1865 747 1949 plena,
779 1869 817 1929 ut
847 1888 866 1929 a
895 1866 1022 1929 nemine
1051 1865 1216 1949 potuerint
1243 1864 1293 1929 vel
1405 1853 1410 1861 ’

136 1969 274 2055 cogitari
297 1970 399 2033 solum
422 1970 540 2054 absque
563 1971 692 2050 scelere,
726 1971 877 2036 constitui
909 1991 982 2035 vero
1006 1974 1037 2035 et
1059 1970 1203 2035 mandari
1226 1991 1291 2034 non

136 2075 304 2158 potuerint
326 2075 366 2139 ab
388 2076 464 2153 ullo,
489 2077 550 2140 nisi
572 2078 612 2141 ab
635 2077 692 2140 illo
714 2077 792 2161 ipso,
820 2099 913 2160 quem
937 2076 1049 2142 Daniel
1073 2097 1109 2140 ac
1123 2080 1197 2160 post
1220 2096 1292 2138 eum

137 2179 256 2245 Paulus
280 2182 547 2264 praenuntiarunt,
571 2183 741 2267 aliquando
765 2205 919 2248 summam
943 2184 978 2248 in
1001 2183 1121 2267 templo
1143 2181 1290 2268 tyranni·

138 2286 206 2350 dem
238 2291 475 2370 occupaturum.
522 2287 595 2352 Nisi
628 2289 712 2353 enim
745 2311 871 2354 omnem
899 2311 1012 2353 ueram
1043 2289 1229 2374 religionem
1259 2290 1292 2351 et

137 2413 249 2474 puram
281 2391 459 2457 doctrinam
490 2394 680 2458 extinxisset
712 2400 825 2472 antea,
858 2416 923 2458 non
952 2395 1076 2480 tulisset
1107 2415 1201 2459 ausus
1224 2396 1290 2457 tam

138 2497 321 2575 execranda,
345 2501 475 2582 tamque
498 2499 664 2564 manifeste
689 2521 749 2563 non
774 2501 874 2585 impia
897 2501 1000 2578 modo,
1026 2501 1079 2565 sed
1102 2501 1134 2564 et
1157 2499 1291 2563 ridicula

137 2623 313 2687 proponere
347 2625 383 2667 ao
418 2607 576 2670 mandare.
630 2605 806 2671 Fascinatis
839 2611 946 2670 antem
977 2605 1093 2670 animis
1127 2609 1159 2668 et
1192 2604 1291 2687 impia

139 2706 284 2773 doctrina
306 2709 456 2787 imbutis,
488 2733 552 2775 non
576 2715 645 2775 erat
667 2710 814 2788 difficile,
846 2712 971 2794 quidvis
994 2714 1027 2775 et
1048 2710 1234 2794 persuadere
1256 2711 1289 2773 et

138 2811 302 2896 imperare.
348 2813 511 2878 Nimirum
545 2815 578 2879 hi
611 2821 686 2880 sunt
716 2817 837 2880 fructus
872 2816 959 2880 illius
990 2815 1158 2893 doctrinae,
1194 2837 1290 2899 quam

137 2922 247 2982 contra
279 2925 473 3004 praeceptum
495 2919 572 3001 Dei,
608 2926 744 3006 quaestus
775 2923 880 3008 gratia
911 2942 1038 3005 suaeque
1064 2919 1231 3005 dignitatis
1258 2925 1290 2984 et

138 3021 266 3088 honoris
302 3026 516 3090 constituendi
549 3049 643 3091 causa
678 3028 807 3092 invexit.
864 3030 941 3105 Quae
973 3027 1100 3110 quidem
1135 3026 1287 3105 doctrina,

138 3129 196 3193 nisi
232 3130 348 3194 fuisset
378 3132 568 3218 impugnata
596 3134 761 3217 scriptura
790 3134 982 3198 testimoniis
1021 3137 1053 3197 et
1090 3132 1289 3211 auctoritate,

137 3255 298 3318 quousque
326 3238 454 3302 tandem
482 3239 603 3322 putatis
626 3261 697 3303 eum
721 3240 819 3304 fixisse
841 3241 1105 3325 progressurum?
1151 3237 1295 3302 Insatia-·

136 3338 196 3404 bile
220 3341 372 3423 quiddam
398 3347 446 3407 est
469 3344 612 3423 avaritia,
637 3366 738 3428 neque
760 3346 822 3409 sihi
844 3344 951 3410 frenos
973 3345 1062 3429 injici
1083 3345 1207 3429 patitur
1221 3365 1290 3408 am-

136 3444 223 3523 bitio,
247 3447 424 3530 praesertim
448 3450 574 3531 quando
596 3471 661 3513 non
684 3451 771 3515 deest
793 3473 962 3516 successus.
1009 3450 1070 3526 Qui
1093 3450 1205 3515 fuisset
1226 3450 1289 3535 igi-

135 3553 185 3614 tur
216 3552 380 3617 immensae
413 3555 597 3638 cupiditatis
630 3559 662 3620 et
688 3557 875 3621 ambitionis
897 3559 1025 3636 modus,
1060 3558 1143 3620 idem
1166 3577 1291 3640 quoque

135 3654 261 3721 futurus
285 3661 354 3722 erat
375 3660 531 3725 terminus
554 3662 731 3744 imperandi
758 3667 790 3727 et
813 3685 894 3754 nova
926 3663 1066 3747 quotidie
1092 3661 1287 3726 decernendi.

702 3783 720 3823 a

136 3863 218 3942 haur,
244 3865 349 3930 haben
372 3867 432 3946 die,
457 3891 490 3933 so
514 3871 592 3936 dasii
616 3873 783 3937 verordnet
804 3894 920 3951 waren,
944 3872 1011 3937 sich
1035 3874 1072 3936 at
1088 3870 1199 3935 heiner
1213 3868 1289 3934 Dis·

136 3972 281 4050 putation
304 3974 420 4038 wiillen
452 3975 621 4054 echichen,
658 3978 722 4041 und
753 3982 864 4063 sagten
890 3979 970 4042 rond
993 3978 1075 4055 auli,
1111 3975 1163 4041 sie
1184 3996 1288 4039 weren

136 4076 181 4139 nit
206 4077 262 4140 der
287 4077 449 4163 meinung,
473 4103 533 4145 von
557 4082 620 4146 irer
643 4084 717 4160 lere,
742 4105 804 4147 von
832 4084 917 4148 alten
934 4081 1169 4148 herbraehten¹
1193 4081 1287 4144 breu-

139 4179 214 4245 chen
236 4182 303 4244 und
332 4185 550 4268 gowenheiten
585 4188 639 4252 der
667 4188 820 4266 kirchen,
856 4189 968 4273 eynigs
991 4188 1052 4252 fals
1075 4192 1113 4252 zil
1136 4185 1285 4265 weichen,

205 4409 219 4462 l
238 4410 465 4480 fiirgehrachten.
