2850 5018
684 358 745 420 102

133 534 366 611 indumentum,
390 535 422 595 et
445 552 550 595 rasum
575 551 612 593 ex
635 529 821 613 praescripto
842 535 946 614 caput,
971 535 1005 596 et
1019 534 1285 617 gesticulationes,

133 639 393 714 ceremoniarum,
418 659 496 719 quas
513 637 551 700 ad
567 636 741 699 ludibrium
757 637 963 721 excogitastis
979 637 1052 720 ipsi,
1073 639 1187 722 plenae,
1205 642 1286 706 tanti

133 747 210 809 sunt
232 743 410 807 momenti?
454 739 540 805 Nam
572 744 608 803 ut
635 763 743 805 omnes
774 742 913 824 undique
944 764 1052 808 causes
1080 747 1284 830 conquiratis

134 850 217 914 nihil
239 848 364 912 habetis
385 846 470 912 aliud
494 847 654 930 profecto,
689 834 773 930 quod
796 847 925 929 possitis
948 848 1126 914 obtrudere.
1173 849 1288 918 Sedet

132 956 199 1020 haec
221 954 298 1038 ipsa,
323 973 392 1037 quee
414 956 521 1015 tamen
538 951 699 1015 levissima
713 956 789 1016 sunt
804 957 836 1016 et
851 952 946 1035 plane
966 956 1148 1038 nugatoria,
1173 958 1287 1040 quibus

133 1061 292 1125 inhaerent
314 1081 350 1123 ac
372 1058 460 1122 velut
483 1056 680 1121 inaedificatae
703 1062 778 1120 sunt
800 1057 1009 1121 nihilominus
1033 1064 1147 1124 vestrae
1166 1083 1288 1143 posses·

134 1168 238 1231 siones
259 1186 386 1242 omnes,
419 1163 642 1239 contemnitis,
674 1162 861 1245 vicariisque
883 1163 1016 1240 vestris,
1041 1148 1173 1230 infimae
1195 1168 1288 1232 sortis

135 1270 336 1346 hominibuS,
368 1291 404 1332 ea
427 1267 664 1354 comlmendatis
687 1272 720 1332 et
741 1269 887 1333 obeunda
910 1269 1102 1352 relinquitis
1151 1270 1214 1336 Vos
1234 1273 1282 1336 in·

134 1376 228 1440 terim
251 1376 298 1438 ita
320 1351 447 1452 vivitis,
481 1378 518 1438 ut
540 1374 601 1438 nisi
625 1374 742 1438 vestitu
766 1375 861 1438 aliam
885 1396 1050 1458 personam
1075 1375 1283 1455 sustineretis,

135 1482 256 1546 nullam
279 1481 362 1544 inter
386 1477 439 1543 vos
461 1482 494 1542 et
516 1479 644 1543 lenones
668 1480 812 1543 futurum
835 1479 885 1543 sit·
898 1479 1076 1544 discrimen.

45 1590 47 1595 ’
136 1587 240 1665 Quid,
273 1607 349 1648 num
384 1585 576 1647 moderanda
608 1584 698 1646 vobis
733 1583 799 1648 haec
828 1584 975 1648 videntur
1012 1588 1043 1649 et
1077 1586 1287 1672 corrigenda?

137 1690 366 1755 Verumtamen
388 1689 480 1753 facile
503 1689 704 1774 colligimus,
740 1712 803 1753 non
835 1690 979 1754 futurum
1003 1714 1022 1754 a
1045 1691 1137 1755 vobis
1161 1692 1289 1757 initium

136 1797 231 1880 hujus
255 1795 473 1872 correctionis,
505 1817 540 1859 ac
563 1796 735 1878 prudenter
758 1795 863 1859 facitis
887 1796 920 1859 in
944 1818 1011 1860 rem
1034 1799 1185 1863 vestram.
1233 1798 1289 1864 sed

137 1900 212 1985 quid
236 1901 263 1965 si
286 1899 446 1963 vobiscum
469 1900 516 1963 ita
539 1900 779 1984 transigeretur,
804 1903 841 1963 ut
857 1922 901 1978 ea,
926 1922 995 1983 quae
1010 1924 1095 1970 nunc
1110 1903 1288 1986 possidetis,

136 2029 201 2070 non
225 2006 437 2069 adimerentur
460 2005 566 2082 vobis,
598 2009 630 2068 et
652 2010 688 2068 ut
711 2027 765 2069 vos
789 2006 1064 2095 deindelvieissim
1087 2009 1288 2073 abstineretis

137 2135 155 2176 a
178 2110 457 2194 persecutionibuq
483 2132 546 2175 non
570 2111 765 2194 impediretis
787 2113 945 2198 evangelii
968 2136 1104 2191 cursum,
1129 2120 1162 2178 et
1185 2137 1225 2178 ex
1242 2114 1287 2178 his

137 2218 214 2301 ipsis
237 2215 442 2280 facultatibus
466 2237 501 2279 ao
525 2217 633 2292 bonis,
665 2238 735 2298 quae
758 2222 833 2280 sunt
855 2218 1068 2303 amplissima,
1105 2219 1287 2285 decideretis
1319 2238 1322 2243 ·

136 2326 255 2387 certam
276 2322 415 2405 aliquam
439 2324 471 2385 et
494 2322 680 2386 mediocrem
705 2324 882 2405 portionem
911 2325 944 2387 in
967 2325 1148 2389 scholarum
1172 2327 1205 2388 et
1229 2322 1286 2388 col·

137 2429 292 2513 legiorum
309 2431 341 2491 et
355 2449 529 2512 pauperum
545 2431 578 2491 et
593 2429 730 2492 ecclesiae
746 2429 964 2494 ministrorum
982 2431 1175 2495 necessarios
1192 2430 1286 2494 usus?

704 2551 721 2590 a

138 2660 246 2721 many,
270 2660 304 2703 so
326 2638 466 2724 krefftig,
491 2639 555 2703 und
578 2661 641 2703 von
663 2640 786 2704 solcher
800 2662 926 2725 grosser
941 2641 1131 2724 wirckung?
1163 2639 1199 2704 Ir
1214 2639 1287 2704 habt

134 2747 168 2829 ja
198 2746 303 2810 nichts
335 2746 447 2809 andere
477 2745 691 2829 beyzdsetzen.
739 2745 812 2811 Und
845 2745 939 2811 eben⁴
957 2745 1140 2830 dasselbig,
1178 2746 1288 2811 welchs

138 2852 216 2916 doch
239 2873 274 2915 so
296 2873 354 2936 gar
377 2851 463 2914 klein
487 2851 552 2914 und
573 2853 697 2937 gering,
721 2853 847 2917 darauff
859 2853 1003 2918 dennoch
1018 2874 1098 2917 ewer
1114 2851 1209 2916 lehen
1225 2850 1285 2915 und

138 2959 214 3022 alles
237 2957 395 3043 gestifftet
423 2957 487 3033 ist,
521 2958 706 3022 verachtent
728 2958 778 3035 ir,
813 2959 949 3023 lassents
979 2979 1077 3022 ewere
1100 2955 1282 3041 Coppell'an,

138 3064 304 3141 Vicarien,
340 3064 405 3126 und
437 3062 550 3126 andere
582 3085 667 3127 arme
697 3062 840 3127 Teuffeln
875 3063 1070 3128 audrichten.
1117 3061 1152 3125 Ir
1184 3063 1285 3126 farent

138 3168 236 3232 frisch
261 3168 366 3244 daher,
392 3168 457 3251 und
478 3190 527 3232 wo
551 3168 629 3232 euch
653 3170 702 3233 die
725 3169 896 3254 kleidung,
930 3192 991 3233 von
1021 3169 1159 3233 anderen
1184 3171 1287 3233 leuton

139 3275 189 3338 nit
211 3274 398 3351 absondert‚
422 3274 487 3337 und
511 3275 731 3352 aullzeichnet,
763 3276 867 3338 wtirdt
889 3298 962 3340 man
986 3274 1159 3360 cigentlich
1184 3295 1286 3358 sager,

140 3380 195 3444 das
218 3380 263 3442 ist
284 3379 335 3444 ein
359 3378 538 3444 weidlicher
560 3381 678 3445 brdder
701 3381 745 3444 im
769 3381 848 3458 feld,
882 3381 933 3445 ein
961 3381 1090 3445 stoltzer
1115 3381 1286 3456 Rliffianer,

140 3486 205 3548 und
228 3484 280 3548 ein
304 3484 392 3548 soloh
414 3506 577 3570 verwegen
602 3487 693 3550 stuck
723 3486 849 3565 fleisch,
885 3487 931 3550 als
962 3509 1036 3550 man
1068 3486 1166 3550 haum
1199 3486 1287 3551 einen

140 3590 246 3654 finden
262 3588 347 3672 sol.†

141 3695 288 3759 Dunchet
324 3694 403 3759 euch
442 3695 492 3759 nit
529 3695 641 3760 billich
680 3696 769 3773 sein,
811 3697 865 3760 das
907 3718 979 3760 man
1018 3694 1084 3758 dise
1125 3695 1204 3781 ding
1241 3695 1288 3760 ein

140 3801 244 3886 wenig
267 3801 424 3886 missigt‘?
469 3800 565 3877 Nun,
600 3801 658 3864 wir
687 3801 791 3865 kbnen
823 3802 885 3865 wol
908 3799 1081 3878 erachten,
1114 3800 1142 3863 ir
1167 3800 1288 3865 werden

140 3904 222 3969 selbs
251 3906 301 3969 nit
330 3905 488 3983 anfahen,
520 3907 635 3969 werdts
659 3907 844 3982 verziehen,
878 3927 912 3969 so
935 3905 1012 3989 lang
1035 3905 1113 3968 imer
1138 3904 1285 3991 moglich.

142 4010 201 4074 Die
223 4012 372 4075 vernunft
396 4012 498 4097 gibts,
532 4013 596 4075 und
620 4012 647 4075 ir
669 4011 768 4075 thimt
791 4012 833 4075 im
858 4033 919 4074 nur
940 4010 1037 4075 recht.
1085 4009 1193 4075 Wenn
1218 4031 1288 4074 man

141 4115 216 4180 aber
238 4117 306 4180 eins
328 4117 417 4195 that,
441 4118 506 4180 und
529 4117 608 4181 euch
632 4118 825 4181 versicheren
849 4118 947 4195 wdrd,
973 4115 1050 4180 euch
1073 4137 1190 4181 ewerer
1215 4115 1288 4181 Gon

141 4222 205 4285 und
222 4221 369 4286 Renthen
393 4223 444 4286 nit
465 4225 503 4286 nri
527 4227 697 4300 entsetzen,
721 4224 785 4286 und
809 4224 863 4286 das
879 4223 908 4286 ir
923 4222 1092 4306 dargegen,
1115 4222 1170 4285 des
1186 4221 1287 4285 Evan-

142 4324 206 4410 geli
229 4327 341 4412 predig
365 4327 414 4390 nit
436 4327 637 4405 verhindert,
672 4329 754 4392 auch
784 4328 833 4392 nit
863 4328 930 4392 also
959 4321 1101 4404 wirtent,
1134 4327 1201 4390 und
1233 4327 1287 4391 den

114 4498 118 4502 Α
142 4430 270 4496 rechten
287 4432 585 4512 Kirchendieneren‚
608 4434 659 4499 die
682 4434 767 4498 dann
791 4454 854 4497 von
876 4436 972 4498 n'oten
995 4432 1085 4497 seind
1107 4430 1245 4518 (dieweil
1263 4429 1287 4494 ir
