2850 5018
682 329 744 392 207

131 501 258 566 cerarit.
303 500 380 590 Non
402 503 546 588 ignoras,
581 523 676 584 quam
708 500 882 568 liberaliter
911 499 1037 582 ipsum,
1069 498 1229 583 captivum
1252 502 1287 564 et

130 607 210 670 belli
229 606 301 689 jure
333 611 425 671 tuum
453 605 592 688 factum,
627 606 662 670 in
694 604 865 690 pristinum
895 604 1006 698 locumO
1030 606 1064 667 et
1095 604 1285 691 dignitatem

132 709 322 786 restitueris,
339 713 532 794 quantopere
547 710 634 774 illius
649 731 698 773 res
716 731 824 773 omnes
840 708 901 773 tibi
916 729 998 773 curre
1013 706 1143 786 fuerint,
1160 701 1285 792 quando

133 812 354 896 pacificatione
376 814 461 879 sacta
484 836 554 878 eum
579 812 755 878 Galliarum
779 835 852 899 rege
875 811 1100 897 promittebas,
1134 816 1166 876 te
1188 813 1285 877 simul

133 922 164 981 et
186 939 296 1003 regem
318 919 447 983 daturos
469 939 615 1003 operam,
645 922 681 982 ut
703 917 819 1002 oppida
852 916 1013 1000 quaedam,
1045 938 1115 1000 quae
1137 907 1285 982 dicuntur

134 1023 172 1086 ad
195 1022 334 1087 ecclesiae
350 1023 501 1089 Romame
515 1023 745 1107 patrimonium
769 1023 938 1107 pertinere,
960 1021 1107 1094 manibus
1127 1044 1285 1106 possesso-

134 1150 204 1191 rum
228 1131 354 1212 erepta,
388 1127 598 1192 restitueretis
621 1128 749 1193 eisdem.
795 1126 994 1204 Meministi,
1029 1131 1149 1210 quanta
1172 1128 1232 1192 fide
1254 1135 1287 1192 et

135 1231 305 1318 diligentia
322 1233 442 1317 juveris
465 1233 568 1316 ipsum
600 1254 636 1298 eo
668 1232 769 1311 bello,
799 1232 883 1315 quod
907 1233 939 1296 in
962 1231 1163 1297 Florentinos
1186 1233 1287 1297 movit

135 1336 382 1401 acerbissimum.
429 1336 636 1414 Bemmaris,
672 1344 733 1421 quo
765 1335 960 1421 tem[S]p0re
989 1335 1167 1401 Germaniae
1195 1336 1286 1420 prin·

136 1441 219 1526 cipes
250 1462 287 1504 ac
317 1441 442 1504 ordines
464 1439 651 1526 gravissime
674 1440 946 1524 conquerebantur
976 1441 1015 1505 de
1037 1441 1287 1507 Romanensium'

137 1546 272 1611 avaritia
294 1550 326 1609 et
348 1545 534 1631 tyrannide,
567 1567 638 1610 cum
670 1567 796 1624 eornm,
831 1567 901 1630 quae
923 1546 1094 1631 cupiebant
1116 1546 1286 1628 emendari,

137 1652 259 1736 capita,
287 1650 404 1734 scripto
427 1645 668 1734 comprehensa,
700 1651 861 1736 pontificis
883 1651 989 1737 legato
1012 1652 1230 1718 exhibuissent
1252 1653 1287 1717 in

137 1757 265 1840 publico
288 1755 413 1839 imperii
435 1756 583 1835 comitia,
617 1761 766 1839 tuamque
788 1756 881 1820 fidem
905 1757 1002 1820 etiam
1024 1757 1059 1820 in
1089 1779 1142 1836 eo,
1174 1755 1286 1839 Caesar,

137 1861 371 1946 implorassent,
393 1861 579 1957 recordaris,
601 1863 741 1946 inquam,
763 1869 800 1926 ut
822 1862 855 1925 in
878 1862 1015 1948 gratiam
1037 1863 1198 1946 pontilicis
1220 1864 1288 1929 haee

137 1967 244 2032 omnia
267 1965 496 2046 dissimulatis,
530 1967 613 2032 sicut
641 1967 675 2031 in
698 1967 835 2052 quodam
857 1971 913 2031 tuo
934 1967 1054 2052 scripto
1076 1966 1186 2032 fateris
1209 1968 1285 2052 ipse.

137 2073 208 2139 Non
233 2071 351 2138 cncidit
373 2075 443 2152 tibi,
467 2096 562 2159 quam
584 2074 687 2138 multa
709 2096 766 2158 pro
789 2074 946 2159 dignitate
961 2073 1026 2156 ejus
1042 2072 1160 2154 tuenda
1175 2071 1286 2137 feceris

139 2179 168 2244 in
192 2179 331 2244 comitiis
356 2178 562 2264 Augustanis.
599 2179 731 2245 Haerent
752 2180 855 2244 adhuc
876 2179 1023 2262 impressi
1045 2161 1209 2243 inanimo
1232 2182 1287 2248 tuo

139 2307 298 2354 sermones
330 2284 400 2363 illi,
434 2284 531 2351 dubio
558 2286 695 2369 procul,
729 2307 824 2370 quos,
858 2285 1068 2350 eGermania
1089 2268 1230 2348 resersus
1253 2284 1288 2348 in

139 2389 275 2469 ltaliam,
299 2389 373 2453 inde
396 2390 602 2474 navigaturus
625 2391 659 2453 in
683 2388 865 2474 Hispanias,
889 2411 960 2454 cum
983 2412 1019 2454 eo
1042 2390 1208 2453 contulisti
1223 2388 1320 2454 Bc<

141 2496 243 2560 ncniae
267 2495 305 2558 de
327 2490 455 2578 publico
484 2494 650 2578 indicendo
682 2495 823 2560 concilio·
870 2494 945 2559 Non
976 2499 1008 2558 te
1038 2494 1142 2578 fugit,
1178 2515 1287 2577 quem-

140 2599 306 2664 admodum
330 2599 384 2662 ille
406 2602 479 2684 post
502 2598 583 2663 hanc
606 2598 846 2664 collocutionem
868 2599 911 2663 sit
934 2598 1093 2683 profectus
1112 2596 1289 2662 Massiliam

140 2709 169 2768 et
190 2704 237 2768 ibi
261 2725 350 2768 suam
374 2707 500 2789 neptem
524 2706 557 2768 in
581 2705 820 2769 matrimonium
842 2704 973 2768 dederit.
1011 2703 1081 2768 Hoc
1103 2724 1143 2767 aa
1167 2701 1287 2782 iecerit,

141 2830 199 2892 quo
222 2809 474 2892 pacificationem
497 2812 581 2874 inter
603 2809 825 2895 te-Gelliaeque
848 2831 965 2894 regem,
989 2809 1142 2893 proximis
1166 2809 1288 2891 aliquot

140 2915 230 2978 annis
255 2914 386 2993 initam,
418 2916 637 2994 confirmaret,
670 2937 707 2980 ac
729 2917 888 2999 publicam
911 2916 997 2980 orbis
1019 2915 1287 2999 tranquillitatem

706 3038 724 3076 ἥ

139 3126 324 3204 restituiert,
348 3126 405 3189 wie
427 3126 463 3189 Ε.
487 3127 531 3191 M.
557 3127 619 3190 und
643 3128 697 3192 der
714 3126 820 3211 Kiinig
843 3148 898 3191 aus
914 3126 1135 3204 Franckreich,
1159 3126 1192 3189 in
1215 3126 1285 3190 iren

140 3236 313 3317 vertrtgen‘
331 3232 398 3296 sich
422 3232 603 3295 verbunden
626 3234 669 3295 im
692 3236 730 3296 aii
747 3233 873 3310 helffen,
898 3233 961 3297 und
977 3232 1126 3296 beistand
1141 3234 1180 3295 aii
1195 3230 1288 3310 chun,

140 3336 255 3402 etliche
277 3342 367 3415 stau,
390 3338 445 3401 der
460 3337 651 3402 ltdmischen
670 3338 801 3402 kirchen
825 3338 1006 3423 adgehdrig,
1032 3335 1204 3402 widerumb
1227 3358 1289 3402 von

139 3444 198 3507 den
222 3443 450 3522 einhabenden,
474 3446 511 3507 zu
534 3443 699 3520 bekomeu,
721 3443 830 3509 wiell.
847 3443 891 3507 Μ.
915 3444 957 3507 im
976 3444 1072 3507 wider
1090 3442 1140 3508 die
1158 3442 1285 3513 Floren-

139 3548 233 3625 tiner,
256 3548 446 3631 merckliche
468 3549 543 3613 hilff
561 3549 627 3612 und
649 3544 800 3613 flirschub
821 3549 950 3633 gethan,
973 3549 1048 3619 Wie
1062 3549 1098 3613 Ε.
1116 3548 1160 3612 Μ.
1184 3549 1229 3612 ini
1250 3551 1290 3613 ad

138 3657 207 3737 girt,
232 3654 287 3718 das
311 3653 554 3738 Augspurgisch
576 3653 679 3731 Edict,
702 3675 805 3739 gegen
829 3655 895 3718 dise
918 3655 999 3733 lere,
1032 3653 1288 3738 ausgeschriben,

139 3757 212 3822 Wie
236 3755 272 3821 Ε.
295 3757 338 3821 Μ.
363 3759 424 3821 mit
446 3759 507 3838 im,
531 3759 584 3827 des
607 3757 866 3823 Concilihalben
890 3758 1048 3823 intintlich
1071 3759 1135 3822 und
1158 3778 1290 3842 person·

140 3863 203 3928 lich
227 3863 409 3947 gehandelt,
434 3863 491 3926 wie
514 3885 547 3927 er
572 3863 740 3948 volgends,
765 3864 830 3926 und
856 3864 906 3927 nit
927 3863 1004 3948 lang
1027 3864 1106 3927 nach
1130 3862 1288 3947 gehabten

139 3969 312 4052 gesprech,
347 3968 450 4053 gehen
473 3968 636 4032 Massilien
660 3969 693 4031 in
718 3968 930 4033 Franckreich
958 3969 1072 4047 reiset,
1108 3968 1172 4031 und
1203 3967 1290 4032 scine

139 4072 241 4138 Nicht
264 4074 402 4138 daselbst
426 4073 592 4138 verheirat.
638 4073 687 4138 Ob
720 4096 754 4137 er
782 4096 826 4137 nu
858 4074 891 4136 in
922 4073 1088 4157 ansehung
1111 4073 1206 4137 deren
1229 4071 1290 4136 vil·

139 4178 283 4265 feltigen,
309 4169 369 4244 rori
385 4179 420 4243 Ε.
439 4180 481 4244 Μ.
507 4181 742 4264 entpfangenen
764 4178 1037 4258 ireuntschafften,
1061 4175 1126 4242 und
1150 4179 1209 4242 den
1230 4176 1289 4241 fri·

140 4286 199 4349 den
223 4285 378 4350 zwischen
401 4284 437 4348 E.
462 4284 574 4349 beiden
597 4284 640 4351 Μ.
665 4284 899 4370 auffgeriehtet,
923 4288 961 4350 ad
985 4284 1184 4369 bevestigen,
1208 4281 1290 4347 auch

140 4393 293 4479 volgends
316 4393 370 4457 das
394 4391 570 4458 Concilium
594 4391 790 4471 anzdfahen,
825 4390 929 4458 solchs
958 4390 1080 4478 gethan
1110 4390 1183 4470 hat,
1216 4390 1290 4459 oder
