2850 5018
686 327 748 388 100

143 499 413 583 conquererentur
436 518 561 561 omnes:
586 498 670 576 cedo,
695 521 771 561 num
793 496 834 560 ad
855 496 944 561 illam
967 497 1124 580 publicam
1150 499 1292 563 omnium

140 605 368 690 querimoniam
401 602 440 666 iis
473 602 569 685 ipsis,
604 602 659 687 qni
691 607 795 667 essent
828 602 981 681 accusati,
1014 604 1230 687 permittenda
1252 605 1292 670 sit

139 710 346 774 formularum
369 712 401 771 et
420 707 502 791 juris
526 708 728 771 emendatio?
773 707 965 792 Fingamus,
995 708 1047 773 hic
1070 711 1154 794 apud
1178 733 1237 775 nos
1260 712 1291 776 in

140 815 310 879 Germania
329 816 474 877 senatum
490 834 557 875 esse
571 812 820 888 cardinalicium,
844 812 934 876 illum
959 813 1037 891 dice,
1066 836 1161 898 quem
1185 819 1291 880 tanto·

138 943 211 1003 pere
234 919 436 1003 suspicimus,
471 917 689 996 observamUS,
723 940 902 982 reveremur
924 923 955 983 et
978 919 1174 985 admiramur
1198 944 1289 986 sena·

139 1030 217 1089 tum.
263 1024 379 1089 Videas
408 1045 517 1086 omnes
548 1022 717 1107 patricioS,
752 1023 940 1105 praesertim‘
962 1024 1054 1102 illos,
1091 1026 1207 1109 quibus
1238 1049 1291 1110 per

138 1133 263 1193 aetatcm
286 1133 317 1192 et
340 1127 552 1192 valetudinem
576 1127 618 1189 sit
642 1129 814 1212 integrum,
839 1128 884 1191 ita
906 1129 1021 1206 vivere,
1045 1130 1138 1213 quasi
1161 1131 1290 1214 cupiant

138 1239 170 1298 et
192 1234 293 1297 velint
315 1254 406 1298 omne
429 1253 529 1317 genus
560 1232 760 1315 voluptatum
790 1231 842 1295 hic
871 1231 1057 1312 exhaurire,
1094 1236 1184 1317 quasi
1216 1240 1287 1319 post

138 1344 273 1404 mortem
302 1339 384 1403 nihil
413 1338 456 1402 sit
489 1337 572 1420 quod
603 1338 735 1400 delectet
765 1337 917 1420 amplius3
951 1338 1057 1403 videas
1087 1340 1211 1405 nullam
1239 1362 1287 1404 cos

138 1446 224 1509 obire
247 1445 297 1507 vel
320 1443 477 1526 suscipere
500 1442 639 1504 muneris
672 1442 874 1506 ecclesiastici
908 1447 1050 1526 partem,
1086 1467 1151 1509 non
1184 1446 1289 1511 docere

138 1572 327 1635 quenquam,
352 1570 414 1612 nou
439 1548 556 1610 discere
580 1547 748 1630 quicquam
764 1547 804 1611 ab
820 1547 936 1632 aliquo,
960 1550 1014 1612 sed
1026 1572 1137 1615 omnes
1149 1551 1287 1636 ipsorum

138 1655 347 1740 cogitationes
377 1656 408 1716 et
439 1651 545 1715 studia
577 1655 718 1735 spectare
746 1652 848 1715 solum
879 1653 917 1715 ad
950 1674 1046 1736 opum
1077 1655 1289 1722 othonorum

138 1758 435 1843 amplificationem
472 1756 596 1833 videas,
632 1756 686 1839 qui
711 1762 787 1820 sunt
818 1779 888 1820 eum
917 1756 1015 1840 ipsis,
1051 1758 1229 1826 familiares
1259 1766 1289 1826 et

138 1864 323 1930 domesticos
357 1883 466 1925 omnes
495 1865 711 1944 representare
741 1861 839 1924 vitam
876 1867 908 1925 et
938 1885 1038 1927 mores
1070 1866 1288 1945 dominorum;

138 1972 259 2035 oriatur
294 1953 405 2033 deinde
428 1967 603 2032 communis
627 1968 769 2030 omnium
792 1970 920 2051 querela
945 1970 982 2033 de
1005 1969 1138 2036 libidine
1161 1977 1195 2037 et
1217 1997 1287 2038 ava·

136 2076 213 2140 ritia
235 2081 267 2140 et
290 2074 462 2158 rapacitate
486 2074 626 2156 ipsorum
650 2073 853 2136 intolerabili.
901 2075 1031 2151 QuaesO,
1062 2097 1142 2140 num
1171 2079 1217 2142 sit
1238 2079 1286 2143 fir·

136 2185 244 2244 turum
268 2181 358 2244 valde
380 2179 559 2255 ridiculum,
583 2179 609 2241 si
626 2157 725 2242 causae
742 2178 883 2261 cognitio
900 2178 1057 2242 deferatur
1074 2180 1112 2242 ad
1130 2181 1190 2246 hos
1208 2183 1287 2267 ipsos

136 2308 301 2370 procerae,
334 2286 388 2369 qui
411 2284 538 2369 publice
562 2285 716 2361 accusati,
746 2304 874 2366 poenam
898 2283 1054 2348 sustinere
1077 2285 1237 2352 debebant
1257 2292 1286 2352 et

137 2392 170 2454 in
193 2391 336 2454 ordinem
360 2390 453 2475 cogi?
500 2389 634 2466 Nonne,
669 2390 696 2452 si
727 2392 841 2471 prater
872 2389 928 2452 illa
950 2390 1084 2454 crimina
1107 2395 1285 2476 superbiam

137 2517 260 2578 quoque
283 2496 521 2579 conjungerent,
546 2516 644 2576 eoque
666 2494 932 2577 progrederentur
955 2496 1157 2577 temeritatis,
1182 2503 1220 2562 ut
1237 2500 1285 2581 ju·

136 2601 260 2664 dicandi
294 2601 390 2664 etiam
424 2604 615 2683 potestatem
648 2600 708 2663 sibi
743 2606 924 2679 sumerent,
959 2601 1021 2684 [H]
1055 2607 1088 2666 et
1123 2605 1204 2688 alios
1236 2628 1284 2669 er·

703 2773 720 2811 ’l‘

136 2917 325 3000 tibertragen
350 2914 460 2977 wiird?
506 2914 561 2978 Ich
585 2920 648 2978 seta
671 2915 731 2983 den
755 2915 828 2992 fall,
861 2916 915 2979 das
938 2916 1101 3001 obgenant
1125 2916 1282 2983 consisto

135 3021 228 3099 rium,
251 3021 302 3084 bei
325 3042 384 3083 uns
408 3019 451 3081 im
475 3020 549 3082 land
572 3020 624 3097 ist,
649 3021 713 3083 und
737 3021 792 3084 das
815 3021 882 3084 also
904 3022 1073 3104 yederman
1099 3023 1204 3102 sihet,
1229 3023 1283 3087 wic

135 3127 179 3190 sie
202 3125 280 3203 alle,
303 3129 373 3189 adm
397 3125 590 3210 wenigsten,
623 3126 673 3189 die
696 3148 728 3189 es
751 3126 847 3188 alters
871 3128 935 3189 und
959 3125 1038 3190 leibs
1061 3127 1180 3192 halben
1205 3129 1281 3192 thdn

116 3232 271 3308 brinnon,
296 3230 346 3293 ein
370 3229 473 3292 solchs
496 3230 586 3293 leben
613 3225 714 3306 fdren,
738 3231 793 3294 das
816 3232 867 3294 ein
888 3232 982 3314 yedcr
1001 3230 1068 3295 sich
1085 3235 1282 3298 vcrwundert

134 3336 199 3399 und
229 3334 369 3419 spricht,
406 3334 482 3397 Dise
514 3334 580 3396 leut
611 3334 713 3397 haben
743 3334 771 3398 ir
793 3335 978 3399 himelreich
1002 3338 1070 3400 auff
1090 3338 1209 3417 erden,
1245 3337 1282 3401 Fa

134 3440 275 3504 scheinet
296 3440 351 3503 das
367 3433 418 3503 ¹sie
441 3432 630 3523 vermeynen
654 3440 791 3504 imerdar
814 3442 865 3505 hie
888 3445 926 3505 ad
949 3441 1085 3525 plciben,
1110 3444 1186 3508 oder
1211 3445 1280 3509 aber

133 3546 188 3608 das
210 3543 431 3608 hernachmals
452 3543 536 3627 keyn
560 3543 650 3607 fraud
675 3544 754 3608 noch
777 3545 902 3608 wollust
925 3546 977 3609 sei.
1011 3545 1087 3609 Man
1105 3547 1200 3627 sihet,
1225 3549 1279 3613 wic

134 3650 177 3713 sie
200 3648 268 3713 sich
291 3649 410 3733 keyner
433 3649 488 3724 lcr,
512 3647 612 3731 keyns
642 3649 827 3734 predigens,
860 3650 960 3735 keyns
990 3651 1119 3715 rechten
1145 3652 1281 3718 Kirchen

134 3759 237 3838 ampts
261 3777 426 3831 annemen,
450 3754 573 3830 sonder,
599 3754 653 3818 das
676 3755 719 3818 all
743 3755 770 3817 ir
794 3777 894 3818 wesen
919 3757 983 3819 und
1007 3757 1109 3835 tht’m,
1126 3781 1200 3832 ¹nur
1222 3757 1282 3824 aud

133 3859 334 3925 reichthumb
354 3858 419 3921 und
441 3862 554 3940 pracht
577 3858 736 3942 geriohtet
758 3860 810 3938 ist,
835 3861 899 3924 und
923 3862 983 3925 aud
1008 3863 1078 3926 dem
1110 3863 1221 3942 leben,
1250 3883 1281 3927 so

133 3967 178 4030 sic
200 3964 365 4029 offentlich
387 3985 429 4027 on
453 3963 513 4026 alle
536 3963 637 4028 schew
661 3961 774 4044 ffiren,
804 3967 900 4045 auch,
925 3967 1071 4030 audirer
1094 3967 1281 4052 geselschaft

132 4094 166 4135 so
190 4069 326 4154 t'agliohs
350 4069 425 4132 umb
448 4069 492 4132 sie
514 4069 572 4147 ist,
602 4070 765 4135 leichtlich
796 4072 908 4136 radten
940 4073 1004 4135 und
1031 4073 1187 4138 abncmen
1211 4075 1279 4148 kan,

132 4176 192 4239 wie
214 4175 258 4237 sia
282 4173 416 4258 daheym
437 4175 522 4238 hauss
545 4175 671 4252 hatten,
706 4177 771 4239 und
795 4176 864 4240 sich
888 4177 963 4241 aber
985 4179 1124 4242 darnach
1147 4180 1277 4264 zdtregt,

132 4281 187 4342 das
210 4279 378 4362 yedcrman
402 4279 479 4342 iiber
502 4279 546 4342 sie
569 4279 693 4365 klaget,
727 4282 792 4344 und
824 4283 879 4345 das
903 4305 976 4345 man
1000 4283 1067 4346 dise
1090 4283 1170 4368 ding
1193 4277 1278 4346 mtlt

132 4384 342 4464 Reformiren,
367 4384 471 4447 wiirds
495 4385 544 4447 nit
567 4386 631 4449 fast
653 4386 824 4450 l'achcrlich
848 4389 925 4468 sein,
950 4410 998 4451 wo
1018 4410 1091 4451 man
1109 4389 1164 4452 das
1181 4382 1276 4474 urteyl
