<?xml version="1.0" encoding="UTF-8"?>
<!DOCTYPE html PUBLIC "-//W3C//DTD XHTML 1.0 Transitional//EN"
    "http://www.w3.org/TR/xhtml1/DTD/xhtml1-transitional.dtd">
<html xmlns="http://www.w3.org/1999/xhtml" xml:lang="en" lang="en">
 <head>
  <title>
</title>
<meta http-equiv="Content-Type" content="text/html;charset=utf-8" />
  <meta name='ocr-system' content='tesseract 3.04.00' />
  <meta name='ocr-capabilities' content='ocr_page ocr_carea ocr_par ocr_line ocrx_word'/>
</head>
<body>
  <div class='ocr_page' id='page_1' title='image "./zweiredenankais00sleigoog/zweiredenankais00sleigoog_0259.png"; bbox 0 0 2850 5018; ppageno 0'>
   <div class='ocr_carea' id='block_1_1' title="bbox 693 354 755 416">
    <p class='ocr_par' dir='ltr' id='par_1_1' title="bbox 693 354 755 416">
     <span class='ocr_line' id='line_1_1' title="bbox 693 354 755 416; baseline 0.016 -1"><span class='ocrx_word' id='word_1_1' title='bbox 693 354 755 416; x_wconf 79' lang='lat'><strong>245</strong></span> 
     </span>
    </p>
   </div>
   <div class='ocr_carea' id='block_1_2' title="bbox 131 525 1293 4514">
    <p class='ocr_par' dir='ltr' id='par_1_2' title="bbox 137 525 1293 2192">
     <span class='ocr_line' id='line_1_2' title="bbox 228 525 1292 611; baseline -0.002 -18"><span class='ocrx_word' id='word_1_2' title='bbox 228 528 355 593; x_wconf 85' lang='lat' dir='ltr'>Primus</span> <span class='ocrx_word' id='word_1_3' title='bbox 378 525 541 592; x_wconf 73' lang='lat' dir='ltr'><strong>felicitatis</strong></span> <span class='ocrx_word' id='word_1_4' title='bbox 564 526 681 611; x_wconf 89' lang='lat' dir='ltr'><strong>gradus</strong></span> <span class='ocrx_word' id='word_1_5' title='bbox 703 527 769 602; x_wconf 89' lang='lat' dir='ltr'><strong>est,</strong></span> <span class='ocrx_word' id='word_1_6' title='bbox 805 525 984 611; x_wconf 88' lang='lat' dir='ltr'><strong>intelligere</strong></span> <span class='ocrx_word' id='word_1_7' title='bbox 1013 529 1045 590; x_wconf 92' lang='lat' dir='ltr'><strong>et</strong></span> <span class='ocrx_word' id='word_1_8' title='bbox 1077 526 1165 609; x_wconf 90' lang='lat' dir='ltr'><strong>sequi</strong></span> <span class='ocrx_word' id='word_1_9' title='bbox 1188 549 1292 592; x_wconf 91' lang='lat' dir='ltr'><strong>vocem</strong></span> 
     </span>
     <span class='ocr_line' id='line_1_3' title="bbox 145 630 1293 716; baseline -0.003 -17"><span class='ocrx_word' id='word_1_10' title='bbox 145 634 310 699; x_wconf 88' lang='lat' dir='ltr'><strong>invitantis</strong></span> <span class='ocrx_word' id='word_1_11' title='bbox 334 633 373 697; x_wconf 91' lang='lat' dir='ltr'><strong>ad</strong></span> <span class='ocrx_word' id='word_1_12' title='bbox 396 654 429 696; x_wconf 90' lang='lat' dir='ltr'><strong>se</strong></span> <span class='ocrx_word' id='word_1_13' title='bbox 444 630 516 709; x_wconf 91' lang='lat' dir='ltr'><strong>Dei,</strong></span> <span class='ocrx_word' id='word_1_14' title='bbox 538 632 713 716; x_wconf 84' lang='lat' dir='ltr'><strong>proximus,</strong></span> <span class='ocrx_word' id='word_1_15' title='bbox 737 654 802 696; x_wconf 89' lang='lat' dir='ltr'><strong>nou</strong></span> <span class='ocrx_word' id='word_1_16' title='bbox 825 631 1045 696; x_wconf 82' lang='lat' dir='ltr'>obsurdescere</span> <span class='ocrx_word' id='word_1_17' title='bbox 1061 653 1118 696; x_wconf 87' lang='lat' dir='ltr'><strong>nec</strong></span> <span class='ocrx_word' id='word_1_18' title='bbox 1134 631 1293 696; x_wconf 73' lang='lat' dir='ltr'><strong>obstinate</strong></span> 
     </span>
     <span class='ocr_line' id='line_1_4' title="bbox 144 736 1292 824; baseline -0.003 -20"><span class='ocrx_word' id='word_1_19' title='bbox 144 760 328 824; x_wconf 89' lang='lat' dir='ltr'><strong>repugnare.</strong></span> <span class='ocrx_word' id='word_1_20' title='bbox 375 737 506 801; x_wconf 81' lang='lat' dir='ltr'><strong>Talibus</strong></span> <span class='ocrx_word' id='word_1_21' title='bbox 529 736 613 800; x_wconf 91' lang='lat' dir='ltr'><strong>enim</strong></span> <span class='ocrx_word' id='word_1_22' title='bbox 637 737 775 821; x_wconf 85' lang='lat' dir='ltr'><strong>ingeniis</strong></span> <span class='ocrx_word' id='word_1_23' title='bbox 799 737 938 821; x_wconf 89' lang='lat' dir='ltr'><strong>ignoscit</strong></span> <span class='ocrx_word' id='word_1_24' title='bbox 959 737 1061 814; x_wconf 88' lang='lat' dir='ltr'><strong>Deus,</strong></span> <span class='ocrx_word' id='word_1_25' title='bbox 1092 741 1123 800; x_wconf 90' lang='lat' dir='ltr'><strong>et</strong></span> <span class='ocrx_word' id='word_1_26' title='bbox 1146 737 1292 820; x_wconf 82' lang='lat' dir='ltr'><strong>precibus</strong></span> 
     </span>
     <span class='ocr_line' id='line_1_5' title="bbox 143 842 1292 928; baseline -0.003 -19"><span class='ocrx_word' id='word_1_27' title='bbox 143 842 364 928; x_wconf 82' lang='lat' dir='ltr'><strong>interpellatus</strong></span> <span class='ocrx_word' id='word_1_28' title='bbox 387 844 547 907; x_wconf 88' lang='lat' dir='ltr'><strong>doctorem</strong></span> <span class='ocrx_word' id='word_1_29' title='bbox 571 842 661 906; x_wconf 89' lang='lat' dir='ltr'><strong>illum</strong></span> <span class='ocrx_word' id='word_1_30' title='bbox 686 842 834 925; x_wconf 89' lang='lat' dir='ltr'><strong>spiritum</strong></span> <span class='ocrx_word' id='word_1_31' title='bbox 858 842 987 907; x_wconf 91' lang='lat' dir='ltr'><strong>tandem</strong></span> <span class='ocrx_word' id='word_1_32' title='bbox 1010 843 1156 928; x_wconf 88' lang='lat' dir='ltr'><strong>largitur,</strong></span> <span class='ocrx_word' id='word_1_33' title='bbox 1180 866 1292 926; x_wconf 80' lang='lat' dir='ltr'><strong>quani-</strong></span> 
     </span>
     <span class='ocr_line' id='line_1_6' title="bbox 143 935 1292 1034; baseline 0 -21"><span class='ocrx_word' id='word_1_34' title='bbox 143 950 194 1013; x_wconf 89' lang='lat' dir='ltr'><strong>diu</strong></span> <span class='ocrx_word' id='word_1_35' title='bbox 216 970 282 1013; x_wconf 91' lang='lat' dir='ltr'><strong>non</strong></span> <span class='ocrx_word' id='word_1_36' title='bbox 306 948 440 1023; x_wconf 89' lang='lat' dir='ltr'><strong>malitia,</strong></span> <span class='ocrx_word' id='word_1_37' title='bbox 464 948 518 1012; x_wconf 88' lang='lat' dir='ltr'><strong>sed</strong></span> <span class='ocrx_word' id='word_1_38' title='bbox 541 948 742 1033; x_wconf 82' lang='lat' dir='ltr'><strong>ignoratione</strong></span> <span class='ocrx_word' id='word_1_39' title='bbox 764 952 796 1012; x_wconf 90' lang='lat' dir='ltr'><strong>et</strong></span> <span class='ocrx_word' id='word_1_40' title='bbox 818 935 1025 1032; x_wconf 72' lang='lat' dir='ltr'><strong>simplicitate</strong></span> <span class='ocrx_word' id='word_1_41' title='bbox 1047 948 1225 1034; x_wconf 59' lang='lat' dir='ltr'><strong>pecsscatur3</strong></span> <span class='ocrx_word' id='word_1_42' title='bbox 1253 949 1292 1013; x_wconf 87' lang='lat' dir='ltr'><strong>ad</strong></span> 
     </span>
     <span class='ocr_line' id='line_1_7' title="bbox 142 1053 1291 1137; baseline 0.001 -19"><span class='ocrx_word' id='word_1_43' title='bbox 142 1075 271 1137; x_wconf 87' lang='lat' dir='ltr'><strong>eamque</strong></span> <span class='ocrx_word' id='word_1_44' title='bbox 294 1074 362 1116; x_wconf 90' lang='lat' dir='ltr'><strong>rem</strong></span> <span class='ocrx_word' id='word_1_45' title='bbox 384 1056 509 1137; x_wconf 90' lang='lat' dir='ltr'><strong>tempus</strong></span> <span class='ocrx_word' id='word_1_46' title='bbox 533 1055 565 1116; x_wconf 91' lang='lat' dir='ltr'><strong>et</strong></span> <span class='ocrx_word' id='word_1_47' title='bbox 587 1053 688 1116; x_wconf 84' lang='lat' dir='ltr'><strong>otium</strong></span> <span class='ocrx_word' id='word_1_48' title='bbox 712 1075 793 1137; x_wconf 87' lang='lat' dir='ltr'><strong>saepe</strong></span> <span class='ocrx_word' id='word_1_49' title='bbox 816 1053 967 1118; x_wconf 85' lang='lat' dir='ltr'><strong>concedit.</strong></span> <span class='ocrx_word' id='word_1_50' title='bbox 1017 1055 1107 1132; x_wconf 83' lang='lat' dir='ltr'><strong>Quod</strong></span> <span class='ocrx_word' id='word_1_51' title='bbox 1129 1054 1200 1130; x_wconf 90' lang='lat' dir='ltr'><strong>tibi,</strong></span> <span class='ocrx_word' id='word_1_52' title='bbox 1225 1054 1291 1119; x_wconf 82' lang='lat' dir='ltr'><strong>Cae-</strong></span> 
     </span>
     <span class='ocr_line' id='line_1_8' title="bbox 142 1158 1292 1242; baseline 0 -18"><span class='ocrx_word' id='word_1_53' title='bbox 142 1181 200 1237; x_wconf 86' lang='lat' dir='ltr'><strong>aar,</strong></span> <span class='ocrx_word' id='word_1_54' title='bbox 224 1158 399 1242; x_wconf 86' lang='lat' dir='ltr'><strong>contigisse</strong></span> <span class='ocrx_word' id='word_1_55' title='bbox 422 1158 588 1235; x_wconf 84' lang='lat' dir='ltr'><strong>laetamur,</strong></span> <span class='ocrx_word' id='word_1_56' title='bbox 621 1159 677 1240; x_wconf 90' lang='lat' dir='ltr'><strong>qui</strong></span> <span class='ocrx_word' id='word_1_57' title='bbox 699 1162 771 1241; x_wconf 89' lang='lat' dir='ltr'><strong>post</strong></span> <span class='ocrx_word' id='word_1_58' title='bbox 793 1159 927 1222; x_wconf 87' lang='lat' dir='ltr'><strong>multam</strong></span> <span class='ocrx_word' id='word_1_59' title='bbox 952 1159 1045 1242; x_wconf 89' lang='lat' dir='ltr'><strong>hujus</strong></span> <span class='ocrx_word' id='word_1_60' title='bbox 1069 1181 1188 1239; x_wconf 85' lang='lat' dir='ltr'><strong>causae,</strong></span> <span class='ocrx_word' id='word_1_61' title='bbox 1205 1181 1292 1242; x_wconf 85' lang='lat' dir='ltr'><strong>-qnae</strong></span> 
     </span>
     <span class='ocr_line' id='line_1_9' title="bbox 142 1263 1291 1348; baseline -0.001 -19"><span class='ocrx_word' id='word_1_62' title='bbox 142 1263 398 1342; x_wconf 84' lang='lat' dir='ltr'><strong>controvertitur,</strong></span> <span class='ocrx_word' id='word_1_63' title='bbox 422 1263 646 1328; x_wconf 86' lang='lat' dir='ltr'><strong>tractationem</strong></span> <span class='ocrx_word' id='word_1_64' title='bbox 670 1266 809 1328; x_wconf 88' lang='lat' dir='ltr'><strong>statuere</strong></span> <span class='ocrx_word' id='word_1_65' title='bbox 833 1286 917 1328; x_wconf 90' lang='lat' dir='ltr'><strong>nunc</strong></span> <span class='ocrx_word' id='word_1_66' title='bbox 939 1264 1064 1328; x_wconf 87' lang='lat' dir='ltr'><strong>demum</strong></span> <span class='ocrx_word' id='word_1_67' title='bbox 1087 1265 1207 1347; x_wconf 87' lang='lat' dir='ltr'><strong>aliquid</strong></span> <span class='ocrx_word' id='word_1_68' title='bbox 1235 1286 1291 1348; x_wconf 89' lang='lat' dir='ltr'><strong>po·</strong></span> 
     </span>
     <span class='ocr_line' id='line_1_10' title="bbox 141 1367 1290 1452; baseline 0 -20"><span class='ocrx_word' id='word_1_69' title='bbox 141 1372 195 1448; x_wconf 87' lang='lat' dir='ltr'><strong>tes,</strong></span> <span class='ocrx_word' id='word_1_70' title='bbox 220 1368 348 1451; x_wconf 88' lang='lat' dir='ltr'><strong>quando</strong></span> <span class='ocrx_word' id='word_1_71' title='bbox 371 1367 593 1452; x_wconf 89' lang='lat' dir='ltr'><strong>multipliciter</strong></span> <span class='ocrx_word' id='word_1_72' title='bbox 616 1367 777 1432; x_wconf 89' lang='lat' dir='ltr'><strong>illustrata</strong></span> <span class='ocrx_word' id='word_1_73' title='bbox 800 1369 934 1447; x_wconf 89' lang='lat' dir='ltr'><strong>veritas,</strong></span> <span class='ocrx_word' id='word_1_74' title='bbox 958 1373 990 1433; x_wconf 92' lang='lat' dir='ltr'><strong>et</strong></span> <span class='ocrx_word' id='word_1_75' title='bbox 1013 1390 1136 1447; x_wconf 90' lang='lat' dir='ltr'><strong>eorum,</strong></span> <span class='ocrx_word' id='word_1_76' title='bbox 1161 1369 1215 1452; x_wconf 90' lang='lat' dir='ltr'><strong>qui</strong></span> <span class='ocrx_word' id='word_1_77' title='bbox 1238 1391 1290 1433; x_wconf 89' lang='lat' dir='ltr'><strong>ac-</strong></span> 
     </span>
     <span class='ocr_line' id='line_1_11' title="bbox 140 1472 1291 1556; baseline -0.003 -18"><span class='ocrx_word' id='word_1_78' title='bbox 140 1478 300 1551; x_wconf 91' lang='lat' dir='ltr'><strong>cusantur,</strong></span> <span class='ocrx_word' id='word_1_79' title='bbox 324 1472 468 1555; x_wconf 87' lang='lat' dir='ltr'><strong>nequitia</strong></span> <span class='ocrx_word' id='word_1_80' title='bbox 491 1472 536 1536; x_wconf 92' lang='lat' dir='ltr'><strong>sic</strong></span> <span class='ocrx_word' id='word_1_81' title='bbox 559 1476 607 1536; x_wconf 93' lang='lat' dir='ltr'><strong>est</strong></span> <span class='ocrx_word' id='word_1_82' title='bbox 629 1472 808 1555; x_wconf 87' lang='lat' dir='ltr'><strong>patefacta,</strong></span> <span class='ocrx_word' id='word_1_83' title='bbox 845 1478 880 1536; x_wconf 93' lang='lat' dir='ltr'><strong>ut</strong></span> <span class='ocrx_word' id='word_1_84' title='bbox 899 1473 1054 1556; x_wconf 90' lang='lat' dir='ltr'><strong>judicatio</strong></span> <span class='ocrx_word' id='word_1_85' title='bbox 1078 1474 1145 1537; x_wconf 90' lang='lat' dir='ltr'><strong>litis</strong></span> <span class='ocrx_word' id='word_1_86' title='bbox 1170 1473 1291 1537; x_wconf 90' lang='lat' dir='ltr'><strong>nullam</strong></span> 
     </span>
     <span class='ocr_line' id='line_1_12' title="bbox 140 1579 1291 1664; baseline -0.002 -21"><span class='ocrx_word' id='word_1_87' title='bbox 140 1581 173 1644; x_wconf 94' lang='lat' dir='ltr'><strong>in</strong></span> <span class='ocrx_word' id='word_1_88' title='bbox 194 1602 227 1645; x_wconf 91' lang='lat' dir='ltr'><strong>se</strong></span> <span class='ocrx_word' id='word_1_89' title='bbox 251 1599 402 1664; x_wconf 89' lang='lat' dir='ltr'><strong>magnam</strong></span> <span class='ocrx_word' id='word_1_90' title='bbox 425 1579 541 1642; x_wconf 89' lang='lat' dir='ltr'><strong>habeat</strong></span> <span class='ocrx_word' id='word_1_91' title='bbox 573 1579 804 1643; x_wconf 87' lang='lat' dir='ltr'><strong>difficultatem.</strong></span> <span class='ocrx_word' id='word_1_92' title='bbox 849 1579 892 1642; x_wconf 84' lang='lat' dir='ltr'><strong>Et</strong></span> <span class='ocrx_word' id='word_1_93' title='bbox 923 1601 1105 1662; x_wconf 90' lang='lat' dir='ltr'><strong>quanquam</strong></span> <span class='ocrx_word' id='word_1_94' title='bbox 1136 1579 1291 1642; x_wconf 89' lang='lat' dir='ltr'><strong>immanes</strong></span> 
     </span>
     <span class='ocr_line' id='line_1_13' title="bbox 140 1683 1290 1769; baseline -0.003 -19"><span class='ocrx_word' id='word_1_95' title='bbox 140 1686 202 1750; x_wconf 87' lang='lat' dir='ltr'><strong>illae</strong></span> <span class='ocrx_word' id='word_1_96' title='bbox 225 1688 258 1750; x_wconf 92' lang='lat' dir='ltr'><strong>et</strong></span> <span class='ocrx_word' id='word_1_97' title='bbox 280 1688 413 1761; x_wconf 84' lang='lat' dir='ltr'><strong>atroces,</strong></span> <span class='ocrx_word' id='word_1_98' title='bbox 437 1683 552 1766; x_wconf 91' lang='lat' dir='ltr'><strong>quibus</strong></span> <span class='ocrx_word' id='word_1_99' title='bbox 569 1684 709 1748; x_wconf 89' lang='lat' dir='ltr'><strong>divinam</strong></span> <span class='ocrx_word' id='word_1_100' title='bbox 725 1685 922 1769; x_wconf 89' lang='lat' dir='ltr'><strong>majestatem</strong></span> <span class='ocrx_word' id='word_1_101' title='bbox 938 1685 1112 1750; x_wconf 86' lang='lat' dir='ltr'><strong>affecerunt</strong></span> <span class='ocrx_word' id='word_1_102' title='bbox 1128 1685 1192 1762; x_wconf 91' lang='lat' dir='ltr'><strong>isti,</strong></span> <span class='ocrx_word' id='word_1_103' title='bbox 1216 1705 1290 1747; x_wconf 91' lang='lat' dir='ltr'><strong>con-</strong></span> 
     </span>
     <span class='ocr_line' id='line_1_14' title="bbox 140 1788 1289 1874; baseline -0.001 -20"><span class='ocrx_word' id='word_1_104' title='bbox 140 1790 278 1855; x_wconf 87' lang='lat' dir='ltr'><strong>tumeliae</strong></span> <span class='ocrx_word' id='word_1_105' title='bbox 300 1788 502 1854; x_wconf 90' lang='lat' dir='ltr'><strong>vehementer</strong></span> <span class='ocrx_word' id='word_1_106' title='bbox 524 1793 556 1853; x_wconf 90' lang='lat' dir='ltr'><strong>et</strong></span> <span class='ocrx_word' id='word_1_107' title='bbox 578 1790 739 1874; x_wconf 87' lang='lat' dir='ltr'><strong>inprimis</strong></span> <span class='ocrx_word' id='word_1_108' title='bbox 762 1795 794 1854; x_wconf 90' lang='lat' dir='ltr'><strong>te</strong></span> <span class='ocrx_word' id='word_1_109' title='bbox 817 1812 1012 1856; x_wconf 88' lang='lat' dir='ltr'><strong>commovere</strong></span> <span class='ocrx_word' id='word_1_110' title='bbox 1035 1790 1159 1868; x_wconf 89' lang='lat' dir='ltr'><strong>debent,</strong></span> <span class='ocrx_word' id='word_1_111' title='bbox 1182 1794 1289 1854; x_wconf 89' lang='lat' dir='ltr'><strong>tamen</strong></span> 
     </span>
     <span class='ocr_line' id='line_1_15' title="bbox 140 1894 1289 1978; baseline -0.004 -17"><span class='ocrx_word' id='word_1_112' title='bbox 140 1919 202 1961; x_wconf 91' lang='lat' dir='ltr'><strong>non</strong></span> <span class='ocrx_word' id='word_1_113' title='bbox 238 1900 286 1960; x_wconf 89' lang='lat' dir='ltr'><strong>est</strong></span> <span class='ocrx_word' id='word_1_114' title='bbox 319 1894 549 1959; x_wconf 88' lang='lat' dir='ltr'><strong>dissimulanda</strong></span> <span class='ocrx_word' id='word_1_115' title='bbox 581 1894 679 1958; x_wconf 83' lang='lat' dir='ltr'><strong>etiarn</strong></span> <span class='ocrx_word' id='word_1_116' title='bbox 714 1895 762 1958; x_wconf 93' lang='lat' dir='ltr'><strong>vel</strong></span> <span class='ocrx_word' id='word_1_117' title='bbox 796 1895 955 1959; x_wconf 91' lang='lat' dir='ltr'><strong>oblivione</strong></span> <span class='ocrx_word' id='word_1_118' title='bbox 985 1894 1205 1978; x_wconf 78' lang='lat' dir='ltr'><strong>praetereunda</strong></span> <span class='ocrx_word' id='word_1_119' title='bbox 1239 1895 1289 1957; x_wconf 93' lang='lat' dir='ltr'><strong>in-</strong></span> 
     </span>
     <span class='ocr_line' id='line_1_16' title="bbox 137 1998 1290 2087; baseline -0.004 -20"><span class='ocrx_word' id='word_1_120' title='bbox 137 2003 295 2087; x_wconf 86' lang='lat' dir='ltr'><strong>juriarum</strong></span> <span class='ocrx_word' id='word_1_121' title='bbox 317 2000 522 2085; x_wconf 81' lang='lat' dir='ltr'><strong>magnitudo,</strong></span> <span class='ocrx_word' id='word_1_122' title='bbox 553 2021 631 2083; x_wconf 91' lang='lat' dir='ltr'><strong>quas</strong></span> <span class='ocrx_word' id='word_1_123' title='bbox 662 2000 841 2064; x_wconf 90' lang='lat' dir='ltr'><strong>intulerunt</strong></span> <span class='ocrx_word' id='word_1_124' title='bbox 871 2000 1006 2084; x_wconf 91' lang='lat' dir='ltr'><strong>singulis</strong></span> <span class='ocrx_word' id='word_1_125' title='bbox 1037 1998 1235 2082; x_wconf 89' lang='lat' dir='ltr'><strong>temporibus</strong></span> <span class='ocrx_word' id='word_1_126' title='bbox 1258 2002 1290 2062; x_wconf 91' lang='lat' dir='ltr'><strong>et</strong></span> 
     </span>
     <span class='ocr_line' id='line_1_17' title="bbox 140 2104 1189 2192; baseline -0.007 -20"><span class='ocrx_word' id='word_1_127' title='bbox 140 2106 271 2192; x_wconf 90' lang='lat' dir='ltr'><strong>imperio</strong></span> <span class='ocrx_word' id='word_1_128' title='bbox 294 2110 326 2170; x_wconf 92' lang='lat' dir='ltr'><strong>et</strong></span> <span class='ocrx_word' id='word_1_129' title='bbox 348 2104 414 2185; x_wconf 80' lang='lat' dir='ltr'><strong>eius</strong></span> <span class='ocrx_word' id='word_1_130' title='bbox 436 2104 602 2189; x_wconf 87' lang='lat' dir='ltr'><strong>praefectis,</strong></span> <span class='ocrx_word' id='word_1_131' title='bbox 628 2106 687 2169; x_wconf 90' lang='lat' dir='ltr'><strong>tibi</strong></span> <span class='ocrx_word' id='word_1_132' title='bbox 710 2105 847 2189; x_wconf 91' lang='lat' dir='ltr'><strong>tuisque,</strong></span> <span class='ocrx_word' id='word_1_133' title='bbox 871 2104 983 2183; x_wconf 80' lang='lat' dir='ltr'><strong>Caesar,</strong></span> <span class='ocrx_word' id='word_1_134' title='bbox 1008 2104 1189 2187; x_wconf 79' lang='lat' dir='ltr'><strong>majoribus.</strong></span> 
     </span>
    </p>

    <p class='ocr_par' dir='ltr' id='par_1_3' title="bbox 131 2209 1289 4514">
     <span class='ocr_line' id='line_1_18' title="bbox 225 2209 1288 2287; baseline -0.005 -11"><span class='ocrx_word' id='word_1_135' title='bbox 225 2211 321 2276; x_wconf 88' lang='lat' dir='ltr'><strong>Illam</strong></span> <span class='ocrx_word' id='word_1_136' title='bbox 352 2211 437 2275; x_wconf 85' lang='lat' dir='ltr'><strong>orbis</strong></span> <span class='ocrx_word' id='word_1_137' title='bbox 471 2214 627 2276; x_wconf 88' lang='lat' dir='ltr'><strong>terrarum</strong></span> <span class='ocrx_word' id='word_1_138' title='bbox 660 2211 894 2276; x_wconf 86' lang='lat' dir='ltr'><strong>debellatricem</strong></span> <span class='ocrx_word' id='word_1_139' title='bbox 925 2211 1035 2276; x_wconf 90' lang='lat' dir='ltr'><strong>urbem</strong></span> <span class='ocrx_word' id='word_1_140' title='bbox 1065 2211 1221 2287; x_wconf 86' lang='lat' dir='ltr'><strong>Romam,</strong></span> <span class='ocrx_word' id='word_1_141' title='bbox 1254 2209 1288 2272; x_wconf 91' lang='lat' dir='ltr'><strong>in</strong></span> 
     </span>
     <span class='ocr_line' id='line_1_19' title="bbox 140 2315 1289 2403; baseline -0.005 -19"><span class='ocrx_word' id='word_1_142' title='bbox 140 2341 199 2403; x_wconf 91' lang='lat' dir='ltr'><strong>qua</strong></span> <span class='ocrx_word' id='word_1_143' title='bbox 221 2321 272 2383; x_wconf 92' lang='lat' dir='ltr'><strong>tot</strong></span> <span class='ocrx_word' id='word_1_144' title='bbox 294 2317 453 2381; x_wconf 87' lang='lat' dir='ltr'><strong>fulserunt</strong></span> <span class='ocrx_word' id='word_1_145' title='bbox 474 2317 605 2395; x_wconf 91' lang='lat' dir='ltr'><strong>lumina,</strong></span> <span class='ocrx_word' id='word_1_146' title='bbox 630 2320 696 2380; x_wconf 91' lang='lat' dir='ltr'><strong>tam</strong></span> <span class='ocrx_word' id='word_1_147' title='bbox 720 2317 863 2402; x_wconf 86' lang='lat' dir='ltr'><strong>insignes</strong></span> <span class='ocrx_word' id='word_1_148' title='bbox 886 2321 919 2381; x_wconf 92' lang='lat' dir='ltr'><strong>et</strong></span> <span class='ocrx_word' id='word_1_149' title='bbox 940 2316 1085 2399; x_wconf 88' lang='lat' dir='ltr'><strong>praeclari</strong></span> <span class='ocrx_word' id='word_1_150' title='bbox 1099 2315 1169 2393; x_wconf 89' lang='lat' dir='ltr'><strong>viri,</strong></span> <span class='ocrx_word' id='word_1_151' title='bbox 1193 2336 1289 2396; x_wconf 90' lang='lat' dir='ltr'><strong>quam</strong></span> 
     </span>
     <span class='ocr_line' id='line_1_20' title="bbox 139 2420 1288 2507; baseline -0.003 -19"><span class='ocrx_word' id='word_1_152' title='bbox 139 2444 261 2488; x_wconf 89' lang='lat' dir='ltr'><strong>summa</strong></span> <span class='ocrx_word' id='word_1_153' title='bbox 275 2422 444 2507; x_wconf 89' lang='lat' dir='ltr'><strong>prudentia</strong></span> <span class='ocrx_word' id='word_1_154' title='bbox 459 2422 593 2505; x_wconf 81' lang='lat' dir='ltr'><strong>vitaeque</strong></span> <span class='ocrx_word' id='word_1_155' title='bbox 609 2423 822 2505; x_wconf 88' lang='lat' dir='ltr'><strong>temperantia</strong></span> <span class='ocrx_word' id='word_1_156' title='bbox 836 2427 987 2487; x_wconf 85' lang='lat' dir='ltr'><strong>rexerunt</strong></span> <span class='ocrx_word' id='word_1_157' title='bbox 1003 2422 1173 2505; x_wconf 88' lang='lat' dir='ltr'><strong>aliquando</strong></span> <span class='ocrx_word' id='word_1_158' title='bbox 1183 2420 1288 2499; x_wconf 82' lang='lat' dir='ltr'><strong>Bruti,</strong></span> 
     </span>
     <span class='ocr_line' id='line_1_21' title="bbox 139 2525 1287 2610; baseline -0.003 -18"><span class='ocrx_word' id='word_1_159' title='bbox 139 2526 273 2604; x_wconf 86' lang='lat' dir='ltr'><strong>(lamilli,</strong></span> <span class='ocrx_word' id='word_1_160' title='bbox 298 2526 490 2604; x_wconf 85' lang='lat' dir='ltr'><strong>Cincinnati,</strong></span> <span class='ocrx_word' id='word_1_161' title='bbox 515 2526 616 2603; x_wconf 84' lang='lat' dir='ltr'><strong>Fabii,</strong></span> <span class='ocrx_word' id='word_1_162' title='bbox 640 2525 812 2610; x_wconf 64' lang='lat' dir='ltr'><strong>Scipiones</strong></span> <span class='ocrx_word' id='word_1_163' title='bbox 830 2527 976 2604; x_wconf 79' lang='lat' dir='ltr'><strong>CatoneS,</strong></span> <span class='ocrx_word' id='word_1_164' title='bbox 1000 2527 1081 2591; x_wconf 90' lang='lat' dir='ltr'><strong>illud</strong></span> <span class='ocrx_word' id='word_1_165' title='bbox 1095 2528 1207 2610; x_wconf 79' lang='lat' dir='ltr'><strong>priscae</strong></span> <span class='ocrx_word' id='word_1_166' title='bbox 1222 2526 1287 2590; x_wconf 92' lang='lat' dir='ltr'><strong>vir-</strong></span> 
     </span>
     <span class='ocr_line' id='line_1_22' title="bbox 138 2630 1289 2711; baseline 0 -15"><span class='ocrx_word' id='word_1_167' title='bbox 138 2634 214 2698; x_wconf 90' lang='lat' dir='ltr'><strong>tutis</strong></span> <span class='ocrx_word' id='word_1_168' title='bbox 236 2630 449 2709; x_wconf 88' lang='lat' dir='ltr'><strong>domicilium,</strong></span> <span class='ocrx_word' id='word_1_169' title='bbox 483 2635 515 2695; x_wconf 93' lang='lat' dir='ltr'><strong>et</strong></span> <span class='ocrx_word' id='word_1_170' title='bbox 538 2630 696 2696; x_wconf 84' lang='lat' dir='ltr'><strong>Caesarum</strong></span> <span class='ocrx_word' id='word_1_171' title='bbox 719 2632 833 2696; x_wconf 91' lang='lat' dir='ltr'><strong>deinde</strong></span> <span class='ocrx_word' id='word_1_172' title='bbox 855 2633 979 2711; x_wconf 90' lang='lat' dir='ltr'><strong>sedem,</strong></span> <span class='ocrx_word' id='word_1_173' title='bbox 1014 2632 1143 2697; x_wconf 84' lang='lat' dir='ltr'><strong>nefariis</strong></span> <span class='ocrx_word' id='word_1_174' title='bbox 1167 2631 1289 2696; x_wconf 89' lang='lat' dir='ltr'><strong>artibus</strong></span> 
     </span>
     <span class='ocr_line' id='line_1_23' title="bbox 137 2735 1289 2822; baseline -0.003 -19"><span class='ocrx_word' id='word_1_175' title='bbox 137 2741 222 2803; x_wconf 90' lang='lat' dir='ltr'><strong>tenet</strong></span> <span class='ocrx_word' id='word_1_176' title='bbox 247 2740 280 2801; x_wconf 89' lang='lat' dir='ltr'><strong>et</strong></span> <span class='ocrx_word' id='word_1_177' title='bbox 303 2738 435 2819; x_wconf 91' lang='lat' dir='ltr'><strong>occupat</strong></span> <span class='ocrx_word' id='word_1_178' title='bbox 457 2735 550 2800; x_wconf 91' lang='lat' dir='ltr'><strong>hodie</strong></span> <span class='ocrx_word' id='word_1_179' title='bbox 573 2735 732 2801; x_wconf 80' lang='lat' dir='ltr'><strong>(laesarum</strong></span> <span class='ocrx_word' id='word_1_180' title='bbox 763 2743 935 2822; x_wconf 90' lang='lat' dir='ltr'><strong>perpetuus</strong></span> <span class='ocrx_word' id='word_1_181' title='bbox 967 2738 1089 2815; x_wconf 88' lang='lat' dir='ltr'><strong>hostis,</strong></span> <span class='ocrx_word' id='word_1_182' title='bbox 1122 2737 1228 2802; x_wconf 91' lang='lat' dir='ltr'><strong>mollis</strong></span> <span class='ocrx_word' id='word_1_183' title='bbox 1256 2741 1289 2801; x_wconf 91' lang='lat' dir='ltr'><strong>et</strong></span> 
     </span>
     <span class='ocr_line' id='line_1_24' title="bbox 137 2841 1288 2927; baseline -0.003 -18"><span class='ocrx_word' id='word_1_184' title='bbox 137 2843 264 2909; x_wconf 84' lang='lat' dir='ltr'><strong>semivir</strong></span> <span class='ocrx_word' id='word_1_185' title='bbox 287 2846 319 2906; x_wconf 93' lang='lat' dir='ltr'><strong>et</strong></span> <span class='ocrx_word' id='word_1_186' title='bbox 348 2841 548 2918; x_wconf 81' lang='lat' dir='ltr'><strong>effeminatus</strong></span> <span class='ocrx_word' id='word_1_187' title='bbox 580 2842 771 2926; x_wconf 86' lang='lat' dir='ltr'><strong>negotiator.</strong></span> <span class='ocrx_word' id='word_1_188' title='bbox 817 2842 885 2908; x_wconf 89' lang='lat' dir='ltr'><strong>Nec</strong></span> <span class='ocrx_word' id='word_1_189' title='bbox 914 2843 1016 2907; x_wconf 90' lang='lat' dir='ltr'><strong>solum</strong></span> <span class='ocrx_word' id='word_1_190' title='bbox 1046 2847 1199 2927; x_wconf 90' lang='lat' dir='ltr'><strong>occupat,</strong></span> <span class='ocrx_word' id='word_1_191' title='bbox 1234 2842 1288 2906; x_wconf 88' lang='lat' dir='ltr'><strong>sed</strong></span> 
     </span>
     <span class='ocr_line' id='line_1_25' title="bbox 133 2945 1287 3033; baseline -0.005 -18"><span class='ocrx_word' id='word_1_192' title='bbox 133 2949 182 3033; x_wconf 86' lang='lat' dir='ltr'><strong>jus</strong></span> <span class='ocrx_word' id='word_1_193' title='bbox 205 2949 304 3014; x_wconf 90' lang='lat' dir='ltr'><strong>etiam</strong></span> <span class='ocrx_word' id='word_1_194' title='bbox 326 2947 553 3012; x_wconf 87' lang='lat' dir='ltr'><strong>hereditarium</strong></span> <span class='ocrx_word' id='word_1_195' title='bbox 584 2945 617 3009; x_wconf 92' lang='lat' dir='ltr'><strong>in</strong></span> <span class='ocrx_word' id='word_1_196' title='bbox 648 2945 737 3009; x_wconf 88' lang='lat' dir='ltr'><strong>illam</strong></span> <span class='ocrx_word' id='word_1_197' title='bbox 767 2946 828 3010; x_wconf 91' lang='lat' dir='ltr'><strong>sibi</strong></span> <span class='ocrx_word' id='word_1_198' title='bbox 850 2948 1013 3025; x_wconf 86' lang='lat' dir='ltr'><strong>vendicat,</strong></span> <span class='ocrx_word' id='word_1_199' title='bbox 1046 2952 1078 3011; x_wconf 95' lang='lat' dir='ltr'><strong>et</strong></span> <span class='ocrx_word' id='word_1_200' title='bbox 1106 2947 1287 3031; x_wconf 91' lang='lat' dir='ltr'><strong>legitimum</strong></span> 
     </span>
     <span class='ocr_line' id='line_1_26' title="bbox 137 3052 1288 3137; baseline -0.003 -17"><span class='ocrx_word' id='word_1_201' title='bbox 137 3056 300 3121; x_wconf 88' lang='lat' dir='ltr'><strong>dominum</strong></span> <span class='ocrx_word' id='word_1_202' title='bbox 324 3053 401 3118; x_wconf 90' lang='lat' dir='ltr'><strong>adeo</strong></span> <span class='ocrx_word' id='word_1_203' title='bbox 424 3074 488 3117; x_wconf 92' lang='lat' dir='ltr'><strong>non</strong></span> <span class='ocrx_word' id='word_1_204' title='bbox 513 3052 664 3130; x_wconf 84' lang='lat' dir='ltr'><strong>admittit,</strong></span> <span class='ocrx_word' id='word_1_205' title='bbox 689 3055 725 3116; x_wconf 91' lang='lat' dir='ltr'><strong>ut</strong></span> <span class='ocrx_word' id='word_1_206' title='bbox 742 3053 813 3136; x_wconf 82' lang='lat' dir='ltr'><strong>ejus</strong></span> <span class='ocrx_word' id='word_1_207' title='bbox 836 3052 1026 3137; x_wconf 85' lang='lat' dir='ltr'><strong>dignitatem</strong></span> <span class='ocrx_word' id='word_1_208' title='bbox 1049 3074 1175 3117; x_wconf 89' lang='lat' dir='ltr'><strong>ornnem</strong></span> <span class='ocrx_word' id='word_1_209' title='bbox 1198 3073 1288 3116; x_wconf 89' lang='lat' dir='ltr'><strong>asua</strong></span> 
     </span>
     <span class='ocr_line' id='line_1_27' title="bbox 135 3157 1287 3245; baseline -0.004 -20"><span class='ocrx_word' id='word_1_210' title='bbox 135 3161 272 3245; x_wconf 89' lang='lat' dir='ltr'><strong>pendere</strong></span> <span class='ocrx_word' id='word_1_211' title='bbox 293 3159 378 3224; x_wconf 90' lang='lat' dir='ltr'><strong>dicat</strong></span> <span class='ocrx_word' id='word_1_212' title='bbox 400 3159 597 3223; x_wconf 87' lang='lat' dir='ltr'><strong>auctoritate.</strong></span> <span class='ocrx_word' id='word_1_213' title='bbox 643 3158 702 3222; x_wconf 89' lang='lat' dir='ltr'><strong>Ille</strong></span> <span class='ocrx_word' id='word_1_214' title='bbox 726 3159 885 3241; x_wconf 89' lang='lat' dir='ltr'><strong>quondam</strong></span> <span class='ocrx_word' id='word_1_215' title='bbox 916 3163 984 3223; x_wconf 90' lang='grc'>1010</span> <span class='ocrx_word' id='word_1_216' title='bbox 1015 3160 1091 3224; x_wconf 82' lang='grc'>0110</span> <span class='ocrx_word' id='word_1_217' title='bbox 1120 3157 1287 3222; x_wconf 90' lang='lat' dir='ltr'><strong>celeberri-</strong></span> 
     </span>
     <span class='ocr_line' id='line_1_28' title="bbox 134 3263 1286 3350; baseline -0.006 -18"><span class='ocrx_word' id='word_1_218' title='bbox 134 3289 204 3332; x_wconf 90' lang='lat' dir='ltr'><strong>mus</strong></span> <span class='ocrx_word' id='word_1_219' title='bbox 227 3269 369 3343; x_wconf 89' lang='lat' dir='ltr'><strong>senatus,</strong></span> <span class='ocrx_word' id='word_1_220' title='bbox 392 3287 486 3349; x_wconf 88' lang='lat' dir='ltr'><strong>quem</strong></span> <span class='ocrx_word' id='word_1_221' title='bbox 508 3265 706 3348; x_wconf 88' lang='lat' dir='ltr'><strong>conspicatus</strong></span> <span class='ocrx_word' id='word_1_222' title='bbox 724 3265 850 3348; x_wconf 91' lang='lat' dir='ltr'><strong>quidam</strong></span> <span class='ocrx_word' id='word_1_223' title='bbox 867 3263 985 3350; x_wconf 83' lang='lat' dir='ltr'><strong>Pyrrhi</strong></span> <span class='ocrx_word' id='word_1_224' title='bbox 1000 3264 1139 3349; x_wconf 84' lang='lat' dir='ltr'><strong>Epirotae</strong></span> <span class='ocrx_word' id='word_1_225' title='bbox 1162 3265 1286 3347; x_wconf 87' lang='lat' dir='ltr'><strong>legatus</strong></span> 
     </span>
     <span class='ocr_line' id='line_1_29' title="bbox 134 3369 1286 3454; baseline -0.003 -18"><span class='ocrx_word' id='word_1_226' title='bbox 134 3372 260 3437; x_wconf 88' lang='lat' dir='ltr'><strong>dicebat</strong></span> <span class='ocrx_word' id='word_1_227' title='bbox 282 3369 399 3435; x_wconf 90' lang='lat' dir='ltr'><strong>habere</strong></span> <span class='ocrx_word' id='word_1_228' title='bbox 421 3369 619 3453; x_wconf 91' lang='lat' dir='ltr'><strong>toti[Y]dem</strong></span> <span class='ocrx_word' id='word_1_229' title='bbox 641 3392 751 3454; x_wconf 76' lang='lat' dir='ltr'><strong>regeS,</strong></span> <span class='ocrx_word' id='word_1_230' title='bbox 787 3375 865 3454; x_wconf 91' lang='lat' dir='ltr'><strong>quot</strong></span> <span class='ocrx_word' id='word_1_231' title='bbox 896 3376 1001 3436; x_wconf 92' lang='lat' dir='ltr'><strong>essent</strong></span> <span class='ocrx_word' id='word_1_232' title='bbox 1031 3371 1064 3434; x_wconf 89' lang='lat' dir='ltr'><strong>in</strong></span> <span class='ocrx_word' id='word_1_233' title='bbox 1089 3391 1125 3434; x_wconf 91' lang='lat' dir='ltr'><strong>eo</strong></span> <span class='ocrx_word' id='word_1_234' title='bbox 1147 3369 1286 3454; x_wconf 90' lang='lat' dir='ltr'><strong>patricii,</strong></span> 
     </span>
     <span class='ocr_line' id='line_1_30' title="bbox 134 3475 1286 3562; baseline -0.003 -21"><span class='ocrx_word' id='word_1_235' title='bbox 134 3476 238 3542; x_wconf 90' lang='lat' dir='ltr'><strong>Deum</strong></span> <span class='ocrx_word' id='word_1_236' title='bbox 272 3475 503 3553; x_wconf 89' lang='lat' dir='ltr'><strong>immortalem,</strong></span> <span class='ocrx_word' id='word_1_237' title='bbox 539 3480 696 3559; x_wconf 90' lang='lat' dir='ltr'><strong>quantum</strong></span> <span class='ocrx_word' id='word_1_238' title='bbox 725 3479 773 3540; x_wconf 87' lang='lat' dir='ltr'><strong>cst</strong></span> <span class='ocrx_word' id='word_1_239' title='bbox 806 3476 866 3542; x_wconf 91' lang='lat' dir='ltr'><strong>hoc</strong></span> <span class='ocrx_word' id='word_1_240' title='bbox 902 3481 1043 3562; x_wconf 91' lang='lat' dir='ltr'><strong>tempore</strong></span> <span class='ocrx_word' id='word_1_241' title='bbox 1075 3477 1286 3540; x_wconf 85' lang='lat' dir='ltr'><strong>immutatus?</strong></span> 
     </span>
     <span class='ocr_line' id='line_1_31' title="bbox 133 3581 1287 3666; baseline -0.004 -18"><span class='ocrx_word' id='word_1_242' title='bbox 133 3581 252 3648; x_wconf 86' lang='lat' dir='ltr'><strong>Sedent</strong></span> <span class='ocrx_word' id='word_1_243' title='bbox 275 3581 308 3646; x_wconf 92' lang='lat' dir='ltr'><strong>in</strong></span> <span class='ocrx_word' id='word_1_244' title='bbox 332 3603 369 3647; x_wconf 94' lang='lat' dir='ltr'><strong>eo</strong></span> <span class='ocrx_word' id='word_1_245' title='bbox 392 3581 535 3646; x_wconf 90' lang='lat' dir='ltr'><strong>homines</strong></span> <span class='ocrx_word' id='word_1_246' title='bbox 559 3583 648 3659; x_wconf 89' lang='lat' dir='ltr'><strong>novi,</strong></span> <span class='ocrx_word' id='word_1_247' title='bbox 672 3604 806 3665; x_wconf 93' lang='lat' dir='ltr'><strong>quorum</strong></span> <span class='ocrx_word' id='word_1_248' title='bbox 829 3583 895 3647; x_wconf 84' lang='lat' dir='ltr'><strong>haec</strong></span> <span class='ocrx_word' id='word_1_249' title='bbox 917 3586 964 3647; x_wconf 91' lang='lat' dir='ltr'><strong>est</strong></span> <span class='ocrx_word' id='word_1_250' title='bbox 987 3582 1146 3666; x_wconf 88' lang='lat' dir='ltr'><strong>praecipua</strong></span> <span class='ocrx_word' id='word_1_251' title='bbox 1160 3581 1232 3651; x_wconf 62' lang='lat' dir='ltr'><strong>‚fere</strong></span> <span class='ocrx_word' id='word_1_252' title='bbox 1255 3584 1287 3643; x_wconf 91' lang='lat' dir='ltr'><strong>et</strong></span> 
     </span>
     <span class='ocr_line' id='line_1_32' title="bbox 135 3685 1286 3772; baseline -0.001 -22"><span class='ocrx_word' id='word_1_253' title='bbox 135 3687 202 3752; x_wconf 90' lang='lat' dir='ltr'><strong>sola</strong></span> <span class='ocrx_word' id='word_1_254' title='bbox 226 3708 311 3765; x_wconf 89' lang='lat' dir='ltr'><strong>cura,</strong></span> <span class='ocrx_word' id='word_1_255' title='bbox 334 3689 453 3766; x_wconf 91' lang='lat' dir='ltr'><strong>utres,</strong></span> <span class='ocrx_word' id='word_1_256' title='bbox 477 3688 581 3752; x_wconf 91' lang='lat' dir='ltr'><strong>alieno</strong></span> <span class='ocrx_word' id='word_1_257' title='bbox 604 3689 712 3752; x_wconf 91' lang='lat' dir='ltr'><strong>labore·</strong></span> <span class='ocrx_word' id='word_1_258' title='bbox 733 3695 852 3772; x_wconf 88' lang='lat' dir='ltr'><strong>partas,</strong></span> <span class='ocrx_word' id='word_1_259' title='bbox 877 3689 910 3751; x_wconf 91' lang='lat' dir='ltr'><strong>in</strong></span> <span class='ocrx_word' id='word_1_260' title='bbox 934 3710 1056 3752; x_wconf 90' lang='lat' dir='ltr'><strong>summo</strong></span> <span class='ocrx_word' id='word_1_261' title='bbox 1080 3688 1157 3750; x_wconf 85' lang='lat' dir='ltr'><strong>luxu</strong></span> <span class='ocrx_word' id='word_1_262' title='bbox 1173 3690 1205 3749; x_wconf 93' lang='lat' dir='ltr'><strong>et</strong></span> <span class='ocrx_word' id='word_1_263' title='bbox 1221 3685 1286 3749; x_wconf 90' lang='lat' dir='ltr'><strong>otio</strong></span> 
     </span>
     <span class='ocr_line' id='line_1_33' title="bbox 134 3790 1286 3878; baseline -0.003 -21"><span class='ocrx_word' id='word_1_264' title='bbox 134 3793 272 3876; x_wconf 86' lang='lat' dir='ltr'><strong>vitaeque</strong></span> <span class='ocrx_word' id='word_1_265' title='bbox 295 3792 431 3857; x_wconf 90' lang='lat' dir='ltr'><strong>mollitie</strong></span> <span class='ocrx_word' id='word_1_266' title='bbox 454 3797 486 3857; x_wconf 92' lang='grc'><strong>01</strong></span> <span class='ocrx_word' id='word_1_267' title='bbox 509 3794 707 3878; x_wconf 88' lang='lat' dir='ltr'><strong>turpitudine</strong></span> <span class='ocrx_word' id='word_1_268' title='bbox 731 3798 929 3871; x_wconf 87' lang='lat' dir='ltr'><strong>consumant,</strong></span> <span class='ocrx_word' id='word_1_269' title='bbox 953 3797 990 3856; x_wconf 92' lang='lat' dir='ltr'><strong>ut</strong></span> <span class='ocrx_word' id='word_1_270' title='bbox 1009 3793 1094 3856; x_wconf 89' lang='lat' dir='ltr'><strong>orbis</strong></span> <span class='ocrx_word' id='word_1_271' title='bbox 1111 3790 1286 3855; x_wconf 80' lang='lat' dir='ltr'><strong>Christiani</strong></span> 
     </span>
     <span class='ocr_line' id='line_1_34' title="bbox 132 3894 1286 3983; baseline -0.004 -21"><span class='ocrx_word' id='word_1_272' title='bbox 132 3897 313 3981; x_wconf 89' lang='lat' dir='ltr'><strong>provincias</strong></span> <span class='ocrx_word' id='word_1_273' title='bbox 336 3898 487 3983; x_wconf 85' lang='lat' dir='ltr'><strong>expilant,</strong></span> <span class='ocrx_word' id='word_1_274' title='bbox 512 3904 549 3964; x_wconf 89' lang='lat' dir='ltr'><strong>ut</strong></span> <span class='ocrx_word' id='word_1_275' title='bbox 571 3900 630 3963; x_wconf 90' lang='lat' dir='ltr'><strong>sub</strong></span> <span class='ocrx_word' id='word_1_276' title='bbox 653 3899 790 3964; x_wconf 86' lang='lat' dir='ltr'><strong>ecclesiae</strong></span> <span class='ocrx_word' id='word_1_277' title='bbox 806 3899 901 3963; x_wconf 88' lang='lat' dir='ltr'><strong>titulo</strong></span> <span class='ocrx_word' id='word_1_278' title='bbox 919 3898 1043 3981; x_wconf 90' lang='lat' dir='ltr'><strong>quidvis</strong></span> <span class='ocrx_word' id='word_1_279' title='bbox 1059 3897 1204 3960; x_wconf 89' lang='lat' dir='ltr'><strong>audeant.</strong></span> <span class='ocrx_word' id='word_1_280' title='bbox 1241 3894 1286 3958; x_wconf 91' lang='lat' dir='ltr'><strong>Hi</strong></span> 
     </span>
     <span class='ocr_line' id='line_1_35' title="bbox 132 3999 1285 4086; baseline -0.005 -19"><span class='ocrx_word' id='word_1_281' title='bbox 132 4008 209 4067; x_wconf 90' lang='lat' dir='ltr'><strong>sunt</strong></span> <span class='ocrx_word' id='word_1_282' title='bbox 232 4003 307 4067; x_wconf 93' lang='lat' dir='ltr'><strong>novi</strong></span> <span class='ocrx_word' id='word_1_283' title='bbox 329 4003 417 4067; x_wconf 87' lang='lat' dir='ltr'><strong>illius</strong></span> <span class='ocrx_word' id='word_1_284' title='bbox 439 4005 604 4069; x_wconf 88' lang='lat' dir='ltr'><strong>dictatoris</strong></span> <span class='ocrx_word' id='word_1_285' title='bbox 627 4005 811 4084; x_wconf 90' lang='lat' dir='ltr'><strong>consiliarii,</strong></span> <span class='ocrx_word' id='word_1_286' title='bbox 836 4010 867 4068; x_wconf 90' lang='grc'><strong>01</strong></span> <span class='ocrx_word' id='word_1_287' title='bbox 890 4007 1018 4068; x_wconf 91' lang='lat' dir='ltr'><strong>senatus</strong></span> <span class='ocrx_word' id='word_1_288' title='bbox 1041 4001 1204 4086; x_wconf 87' lang='lat' dir='ltr'><strong>praesides,</strong></span> <span class='ocrx_word' id='word_1_289' title='bbox 1229 3999 1285 4082; x_wconf 91' lang='lat' dir='ltr'><strong>qui</strong></span> 
     </span>
     <span class='ocr_line' id='line_1_36' title="bbox 131 4103 1284 4194; baseline -0.003 -23"><span class='ocrx_word' id='word_1_290' title='bbox 131 4110 265 4192; x_wconf 88' lang='lat' dir='ltr'><strong>propter</strong></span> <span class='ocrx_word' id='word_1_291' title='bbox 287 4109 489 4174; x_wconf 89' lang='lat' dir='ltr'><strong>ecclesiarum</strong></span> <span class='ocrx_word' id='word_1_292' title='bbox 511 4111 830 4189; x_wconf 85' lang='lat' dir='ltr'><strong>administrationem,</strong></span> <span class='ocrx_word' id='word_1_293' title='bbox 854 4115 891 4175; x_wconf 93' lang='lat' dir='ltr'><strong>ut</strong></span> <span class='ocrx_word' id='word_1_294' title='bbox 914 4131 1034 4194; x_wconf 85' lang='lat' dir='ltr'><strong>praese</strong></span> <span class='ocrx_word' id='word_1_295' title='bbox 1056 4109 1164 4172; x_wconf 84' lang='lat' dir='ltr'><strong>ferunt</strong></span> <span class='ocrx_word' id='word_1_296' title='bbox 1187 4107 1218 4168; x_wconf 90' lang='lat' dir='ltr'><strong>et</strong></span> <span class='ocrx_word' id='word_1_297' title='bbox 1242 4103 1284 4167; x_wconf 89' lang='lat' dir='ltr'><strong>si-</strong></span> 
     </span>
     <span class='ocr_line' id='line_1_37' title="bbox 132 4210 1285 4299; baseline -0.004 -22"><span class='ocrx_word' id='word_1_298' title='bbox 132 4214 274 4291; x_wconf 89' lang='lat' dir='ltr'><strong>mulant,</strong></span> <span class='ocrx_word' id='word_1_299' title='bbox 304 4215 337 4278; x_wconf 91' lang='lat' dir='ltr'><strong>in</strong></span> <span class='ocrx_word' id='word_1_300' title='bbox 361 4237 434 4279; x_wconf 89' lang='lat' dir='ltr'><strong>eurn</strong></span> <span class='ocrx_word' id='word_1_301' title='bbox 457 4217 599 4281; x_wconf 90' lang='lat' dir='ltr'><strong>ordinem</strong></span> <span class='ocrx_word' id='word_1_302' title='bbox 622 4217 732 4294; x_wconf 90' lang='lat' dir='ltr'><strong>asciti,</strong></span> <span class='ocrx_word' id='word_1_303' title='bbox 766 4216 907 4292; x_wconf 86' lang='lat' dir='ltr'><strong>faciunt,</strong></span> <span class='ocrx_word' id='word_1_304' title='bbox 943 4215 1025 4299; x_wconf 93' lang='lat' dir='ltr'><strong>quod</strong></span> <span class='ocrx_word' id='word_1_305' title='bbox 1049 4213 1125 4277; x_wconf 87' lang='lat' dir='ltr'><strong>olim</strong></span> <span class='ocrx_word' id='word_1_306' title='bbox 1147 4210 1285 4275; x_wconf 84' lang='lat' dir='ltr'><strong>Romani</strong></span> 
     </span>
     <span class='ocr_line' id='line_1_38' title="bbox 132 4315 1284 4407; baseline -0.003 -25"><span class='ocrx_word' id='word_1_307' title='bbox 132 4322 294 4383; x_wconf 87' lang='lat' dir='ltr'><strong>senatores</strong></span> <span class='ocrx_word' id='word_1_308' title='bbox 317 4320 475 4389; x_wconf 87' lang='lat' dir='ltr'><strong>fecerunt:</strong></span> <span class='ocrx_word' id='word_1_309' title='bbox 499 4323 725 4388; x_wconf 83' lang='lat' dir='ltr'><strong>administrant</strong></span> <span class='ocrx_word' id='word_1_310' title='bbox 740 4323 925 4407; x_wconf 86' lang='lat' dir='ltr'><strong>provincias,</strong></span> <span class='ocrx_word' id='word_1_311' title='bbox 950 4325 982 4386; x_wconf 94' lang='lat' dir='ltr'><strong>et</strong></span> <span class='ocrx_word' id='word_1_312' title='bbox 997 4319 1207 4385; x_wconf 82' lang='lat' dir='ltr'><strong>emendantur</strong></span> <span class='ocrx_word' id='word_1_313' title='bbox 1222 4315 1284 4380; x_wconf 90' lang='lat' dir='ltr'><strong>huo</strong></span> 
     </span>
     <span class='ocr_line' id='line_1_39' title="bbox 131 4421 1283 4514; baseline 0 -28"><span class='ocrx_word' id='word_1_314' title='bbox 131 4421 209 4488; x_wconf 88' lang='lat' dir='ltr'><strong>illue</strong></span> <span class='ocrx_word' id='word_1_315' title='bbox 231 4429 384 4508; x_wconf 90' lang='lat' dir='ltr'><strong>tanquam</strong></span> <span class='ocrx_word' id='word_1_316' title='bbox 406 4430 608 4512; x_wconf 90' lang='lat' dir='ltr'><strong>proconsules</strong></span> <span class='ocrx_word' id='word_1_317' title='bbox 631 4434 662 4494; x_wconf 90' lang='lat' dir='ltr'><strong>et</strong></span> <span class='ocrx_word' id='word_1_318' title='bbox 684 4429 783 4514; x_wconf 86' lang='lat' dir='ltr'><strong>legati</strong></span> <span class='ocrx_word' id='word_1_319' title='bbox 806 4432 838 4494; x_wconf 92' lang='lat' dir='ltr'><strong>et</strong></span> <span class='ocrx_word' id='word_1_320' title='bbox 860 4427 992 4494; x_wconf 87' lang='lat' dir='ltr'><strong>tribuni.</strong></span> <span class='ocrx_word' id='word_1_321' title='bbox 1033 4425 1174 4510; x_wconf 81' lang='lat' dir='ltr'><strong>Cumque</strong></span> <span class='ocrx_word' id='word_1_322' title='bbox 1197 4424 1283 4506; x_wconf 87' lang='lat' dir='ltr'><strong>ipso-</strong></span> 
     </span>
    </p>
   </div>
   <div class='ocr_carea' id='block_1_3' title="bbox 0 0 1430 5018">
    <p class='ocr_par' dir='ltr' id='par_1_4' title="bbox 0 0 1430 5018">
     <span class='ocr_line' id='line_1_40' title="bbox 0 0 1430 5018; baseline 0 3"><span class='ocrx_word' id='word_1_323' title='bbox 0 0 1430 5018; x_wconf 95' lang='lat' dir='ltr'><strong> </strong></span> 
     </span>
    </p>
   </div>
  </div>
 </body>
</html>
