2850 5018
677 354 741 420 202

131 524 219 605 fioio,
253 525 328 593 laeta
349 527 476 612 quidem
500 526 562 611 piis
590 530 624 592 et
650 486 807 610 jucunda,
841 526 949 612 impiis
970 530 1077 593 autem
1099 527 1230 614 ingrata
1250 531 1280 593 et

132 632 284 698 luctuosa.
331 632 420 709 Quod
452 633 557 717 ipsum
586 634 663 717 qnia
691 635 741 698 vel
773 655 835 698 non
867 634 1022 721 intelligit
1049 635 1100 698 vel
1129 634 1282 698 invidiose

132 737 331 816 dissimulat,
361 741 395 802 et
424 739 568 822 pristinae
598 761 663 802 suae
692 738 861 824 dignitatis
889 739 1211 824 po[Riij]tentiaeqne
1233 761 1281 803 re·

132 843 369 927 superationem
391 843 452 908 sibi
474 845 646 929 promittit,
670 844 739 908 ideo
762 845 899 910 maxime
913 844 1108 928 deploranda
1121 846 1171 908 est
1186 843 1281 928 ipsius

133 947 285 1026 condicio,
309 952 347 1012 ut
368 971 462 1033 quem
477 949 563 1014 Deus
585 949 753 1034 proposuit
774 950 865 1015 nobis
879 950 967 1014 velut
983 949 1111 1035 insigne
1126 948 1281 1033 quoddam

133 1052 309 1136 exemplar,
345 1053 379 1118 in
411 1076 474 1138 quo
505 1055 759 1141 magnitudinem
787 1056 844 1120 irae
873 1055 972 1139 ipsius
996 1059 1029 1122 et
1049 1053 1282 1120 vehementiam

133 1159 390 1244 contemplemur.

221 1264 300 1330 Cum
324 1264 424 1349 igitur
446 1266 485 1330 ad
508 1266 594 1330 huno
615 1265 744 1331 modum
766 1288 816 1331 res
831 1267 972 1351 ipsorum
987 1267 1137 1346 habeant,
1162 1267 1282 1331 nnllam

134 1373 172 1435 ut
193 1369 276 1435 ferre
297 1374 416 1453 queant
437 1370 614 1456 legitimam
636 1370 862 1456 cognitionem,
886 1376 919 1437 et
939 1373 1034 1437 simul
1055 1394 1143 1457 spem
1157 1393 1281 1437 omnem

133 1476 308 1561 praeoidant
331 1477 570 1557 emendationis,
593 1478 799 1563 cogitandum
821 1478 962 1557 esttibi,
986 1477 1099 1558 Oaesar,
1126 1479 1281 1561 deinceps,

134 1581 213 1665 quid
227 1581 312 1647 Deus
333 1583 484 1667 requirat,
508 1605 567 1647 nee
588 1582 733 1649 habenda
753 1587 803 1648 est
824 1585 906 1649 ratio
928 1585 994 1650 ulla
1008 1585 1151 1670 tyranni,
1175 1584 1232 1668 qui
1253 1587 1282 1646 te

135 1688 331 1772 majoresque
360 1692 432 1754 tuos
461 1689 667 1771 jurejurando
695 1689 756 1753 sibi
787 1712 851 1754 non
880 1690 944 1754 alia
966 1690 1004 1754 de
1026 1710 1120 1754 cansa
1143 1688 1284 1753 devinxit

136 1815 231 1878 quam
253 1798 290 1858 ut
311 1797 403 1858 tanto
425 1793 572 1862 licentius
593 1799 627 1860 et
648 1796 885 1862 immoderatius
908 1795 1015 1861 omnia
1030 1794 1186 1874 turbaret,
1210 1795 1283 1859 mis·
1313 1795 1316 1800 ’

135 1903 277 1967 ceretae
299 1906 540 1983 conspurcaret,
573 1923 639 1966 non
669 1923 758 1967 aecus
786 1923 822 1967 aa
849 1902 876 1966 si
899 1906 986 1967 totus
1007 1900 1060 1965 hio
1082 1898 1171 1964 orbis
1194 1904 1283 1964 terrra

137 2010 169 2071 et
191 2005 341 2090 quiequid
363 2027 399 2070 eo
423 2006 622 2083 eontinetnr,
654 2007 695 2072 ob
723 2007 823 2091 ipsius
852 2010 979 2073 tantum
1009 2007 1052 2071 sit
1073 2006 1179 2070 faetus
1202 2027 1283 2071 oom-

136 2111 321 2189 moditates,
348 2114 380 2175 et
403 2112 494 2194 quasi
515 2112 586 2196 plus
609 2112 644 2176 in
666 2112 736 2196 ipso
760 2134 822 2177 nno
844 2111 1021 2197 prudentiae
1042 2111 1086 2175 sit
1108 2114 1142 2175 et
1165 2109 1283 2195 ingenii

136 2218 170 2284 et
191 2215 360 2300 probitatis
383 2220 416 2280 et
437 2216 653 2283 sanctimonia
675 2239 770 2301 quam
799 2217 833 2282 in
863 2217 995 2303 reliquis
1022 2216 1174 2282 omnibus
1203 2237 1283 2280 mor·

704 2339 721 2378 a

137 2429 365 2515 ohangement,
389 2428 478 2512 dy·je
500 2429 639 2512 plaisant
661 2431 694 2493 et
712 2430 829 2515 joyeux
850 2451 913 2493 aux
934 2449 1012 2512 gens
1034 2427 1073 2490 de
1094 2425 1189 2504 bien,
1222 2424 1283 2488 fas·

137 2535 237 2600 oheux
258 2539 291 2599 et
312 2533 507 2618 desplaisant
529 2556 590 2598 anx
613 2534 770 2599 mechans

704 2655 722 2696 a

137 2747 211 2812 lado
243 2745 395 2811 beneficio
425 2745 463 2810 de
485 2744 581 2809 Dios:
616 2746 723 2830 alegre
751 2765 810 2829 por
836 2743 935 2808 eierto
957 2766 978 2827 y
999 2763 1133 2828 gozosa,
1166 2766 1188 2829 y
1216 2742 1284 2807 bien

138 2851 282 2917 reoebida
305 2851 343 2916 de
365 2852 412 2916 los
441 2852 530 2934 pios,
564 2872 641 2935 pero
667 2871 709 2914 no
732 2849 814 2914 neda
835 2847 1022 2934 agradable,
1054 2872 1075 2933 y
1098 2869 1177 2932 muy
1199 2847 1284 2911 triste

137 2980 215 3043 para
237 2957 284 3021 los
306 2955 428 3039 impios.

705 3078 724 3118 a

226 3168 329 3233 Dweil
359 3169 405 3233 sie
433 3169 517 3232 dann
546 3167 623 3232 alles
655 3167 832 3232 irrtbumbs
862 3166 914 3231 ein
943 3164 1074 3243 ursaob,
1110 3162 1192 3228 auch
1228 3162 1286 3226 irer

139 3272 367 3359 mishandtung
389 3295 425 3337 so
447 3272 578 3338 elarlioh
601 3269 814 3338 iiberwunden
838 3270 929 3348 sind,
959 3269 1015 3334 das
1038 3267 1084 3333 sie
1106 3266 1212 3332 weder
1234 3287 1284 3350 ge·

139 3379 225 3444 mein
240 3379 323 3444 nobb
339 3377 492 3443 National
514 3377 645 3455 Coneili,
669 3376 752 3442 noeh
773 3376 896 3441 einiehe
918 3374 1024 3439 reehte
1046 3373 1216 3438 erkantnis
1238 3371 1287 3435 der

140 3484 256 3549 saehen
285 3482 388 3547 leiden
420 3489 557 3567 mbgen,
591 3480 747 3546 erfordert
780 3480 830 3544 die
862 3478 992 3543 hbohste
1021 3474 1286 3542 unvermeidliohe

140 3588 295 3665 notnrfft,
329 3588 384 3652 das
407 3586 442 3651 E.
467 3585 510 3651 Μ.
535 3581 695 3651 hinfdrter
724 3584 885 3670 gedenok,
919 3583 1029 3661 mehr,
1063 3604 1127 3647 was
1152 3581 1287 3646 eisdem

140 3695 281 3760 obristm
305 3692 435 3758 Riohter
457 3694 511 3757 der
543 3691 662 3757 droben
692 3691 803 3768 sitzet,
838 3688 984 3774 sohuldig
1014 3689 1076 3765 ist,
1112 3686 1200 3751 dann
1229 3705 1288 3752 was

141 3799 224 3864 diser
246 3799 314 3863 auff
334 3799 518 3884 gewiokelte
540 3802 634 3883 tyran
656 3797 777 3862 fordert
792 3796 857 3860 und
873 3795 998 3882 gebeut.
1029 3791 1179 3858 Weloher
1195 3791 1232 3858 E.
1248 3789 1288 3855 Μ.

141 3904 220 3971 auob
244 3904 339 3968 deren
362 3905 525 3982 vorfaren,
560 3901 729 3968 Rbmisobe
750 3902 881 3979 Keiser,
912 3922 983 3964 zum
1006 3897 1066 3962 Eid
1096 3916 1288 3983 geawungen

142 4010 216 4089 bat,
249 4011 351 4074 damit
380 4032 413 4075 er
443 4010 533 4076 desto
561 4009 656 4074 freier
685 4008 750 4072 und
779 4006 937 4082 sicherer,
971 4003 1034 4069 alle
1064 4000 1207 4086 gbtliehe
1229 3998 1289 4064 und

142 4115 299 4180 weltliohe
320 4114 444 4192 saehen,
467 4115 681 4189 vermisohen,
706 4112 886 4187 verwirren,
909 4107 1071 4185 besndlen,
1094 4104 1288 4170 veronraini-

142 4242 203 4306 gen
227 4220 292 4284 und
316 4219 534 4298 umbstossen,
566 4218 647 4283 anob
676 4218 855 4281 dermassen
888 4214 1044 4300 geberen,
1078 4211 1145 4275 und
1168 4209 1288 4274 sicbin

143 4323 238 4390 altem
260 4324 379 4389 seinem
403 4324 483 4389 thim
509 4324 652 4409 erzeigen
676 4321 793 4398 mbobt,
817 4320 864 4384 als
879 4318 920 4383 ob
936 4319 986 4381 die
997 4319 1111 4401 gantae
1127 4315 1202 4379 weit
1218 4314 1288 4377 umb

142 4429 376 4495 seinentwillen
397 4430 576 4516 gesohaffen
600 4449 691 4506 were,
715 4427 780 4491 und
803 4425 858 4489 das
880 4423 970 4487 inim
987 4420 1095 4500 allein,
1117 4419 1209 4485 mehr
1225 4439 1288 4484 ver·
