2850 5018
680 358 741 417 241

139 546 310 612 regnorum
332 523 461 601 finibus,
485 524 520 587 in
542 523 602 588 hac
626 528 734 589 nostra
750 524 876 611 Europa
891 528 1028 592 conferri
1050 534 1154 595 tecum
1176 533 1287 616 possit,

138 632 243 697 nullus
268 629 384 695 existat
405 630 563 713 prinecps.
610 629 717 713 Atque
739 635 772 695 te
795 632 890 697 talem
913 637 1042 717 tamque
1063 634 1127 700 late
1149 657 1287 722 regnan-

137 743 199 803 tem
222 740 255 800 et
279 734 328 798 his
351 733 528 799 rationibus
551 737 699 814 auctum,
724 735 877 802 Caesarem
900 761 965 803 esse
988 740 1089 804 voluit
1111 739 1204 806 Deus.
1231 742 1288 807 Et

137 844 216 908 sicut
239 838 397 904 familiam
420 842 527 917 tuam,
562 840 722 904 continuis
744 841 901 905 honorum
925 844 1094 928 gradibus,
1129 851 1161 911 et
1183 848 1286 912 incre-

136 945 253 1011 mentis
276 966 380 1028 opum,
405 944 562 1028 singulari
585 945 721 1028 quodam
744 947 876 1011 oonsilio
899 949 1115 1033 amplificavit,
1139 950 1186 1016 ita
1208 974 1286 1036 quo·
1387 1005 1396 1016 .

138 1076 195 1139 que
218 1053 278 1117 sub
301 1051 427 1135 imperii
450 1051 499 1114 tui
520 1051 730 1135 primordium
753 1054 870 1117 exoriri
885 1055 986 1119 voluit
1002 1053 1085 1118 hanc
1099 1062 1286 1139 praesentem

137 1159 382 1235 conversionem,
406 1178 469 1239 qua
492 1155 553 1240 piis
576 1157 737 1221 mentibus
761 1158 844 1222 nihil
867 1164 922 1224 aut
938 1160 1109 1244 jucundius
1124 1165 1179 1226 aut
1194 1165 1286 1246 opta·

136 1267 232 1331 bilius
255 1266 362 1348 potest
385 1261 518 1325 evenire.

221 1370 344 1434 Paucos
374 1370 406 1431 et
435 1366 577 1430 illustres
607 1366 758 1449 quosdam
780 1368 916 1453 singulis
947 1370 1143 1453 temporibus
1174 1372 1285 1438 heroas

137 1478 272 1544 excitare
287 1473 367 1538 solet
382 1471 477 1548 Deus,
501 1492 573 1535 cnm
597 1470 734 1555 insignis
757 1471 865 1556 aliqua
887 1494 992 1538 rerum
1015 1474 1177 1558 impendet
1199 1499 1285 1543 com-

136 1581 281 1647 mutatio.
322 1577 439 1662 Cyrum
463 1575 502 1639 ad
525 1574 585 1638 hoc
607 1574 751 1640 instituit
772 1580 804 1640 et
827 1576 953 1662 delegit,
977 1582 1015 1643 ut
1037 1579 1077 1643 ab
1101 1581 1171 1667 ipso
1193 1583 1286 1648 resti·

135 1691 223 1752 tutus
247 1681 391 1748 libertati
413 1682 548 1764 populus
572 1679 763 1745 Israeliticus
787 1685 818 1746 et
841 1705 858 1747 e
881 1683 1066 1766 captivitate
1089 1688 1211 1752 solutus
1234 1689 1286 1752 iu·

137 1815 194 1877 que
216 1790 357 1876 patriam
378 1785 528 1851 remissus
550 1787 705 1870 templum
729 1785 808 1850 illud
830 1790 899 1851 toto
922 1790 1079 1855 terrarum
1106 1792 1181 1857 orbe
1204 1793 1284 1858 cele·
1322 1813 1324 1818 ’

136 1899 328 1973 berrimum‚
353 1895 393 1958 ab
414 1891 556 1976 Assyriis
580 1895 612 1956 et
634 1890 821 1976 Babyloniis
845 1892 1007 1972 dirutum,
1037 1896 1284 1974 reaedificarent3

135 1984 220 2068 bunc
244 2002 350 2086 ipsum
372 1997 473 2062 voluit
497 2019 563 2062 esse
584 1992 851 2081 potentissimum,
876 1997 1040 2064 Medorum
1063 2004 1095 2065 et
1118 2000 1285 2068 Persarum

136 2129 262 2194 regem;
299 2107 330 2168 et
362 2103 444 2167 hanc
476 2103 543 2186 ejus
566 2105 689 2167 tantam
712 2102 946 2188 benignitatem
969 2105 1002 2168 in
1026 2103 1189 2171 Israelitas
1223 2107 1282 2172 ali-

137 2219 212 2297 quot
235 2210 357 2275 saeculis
379 2213 454 2273 ante
476 2208 633 2293 praedixit,
659 2231 755 2292 quam
778 2214 873 2274 natus
896 2212 986 2274 esset.
1032 2210 1114 2275 Eum
1137 2212 1284 2295 plurimis

136 2317 248 2382 deinde
271 2315 446 2399 interjectis
468 2314 560 2378 annis
584 2323 709 2378 secutus
731 2317 779 2378 est
802 2313 998 2392 Alexander,
1023 2317 1063 2380 ob
1087 2316 1212 2400 imperii
1235 2339 1285 2382 re·

136 2443 268 2506 rumque
290 2423 453 2505 gestarum
476 2420 719 2503 amplitudinem
735 2421 873 2507 Magnus
896 2422 1084 2506 appellatus
1108 2422 1196 2506 cujus
1219 2423 1285 2487 vic·

136 2529 224 2592 toriae
247 2547 356 2590 omnes
381 2529 472 2589 erant
494 2524 628 2604 fatales,
663 2526 794 2591 minime
823 2527 964 2591 obscuris
994 2528 1161 2592 verborum
1192 2531 1284 2612 tegu-

135 2634 250 2700 mentis
275 2630 440 2696 aDaniele
464 2631 693 2715 praenuntiata.
727 2630 863 2716 Aliquot
878 2637 950 2716 post
973 2634 1168 2730 temporibus
1192 2654 1283 2697 exus·

134 2740 250 2804 citatus
280 2740 329 2800 est
358 2734 566 2819 Ju[Xiij]lius
589 2735 711 2815 Caesar,
747 2738 802 2820 qui
832 2739 942 2802 multis
972 2739 1065 2803 rebus
1097 2739 1224 2804 fortiter
1254 2745 1287 2803 et

134 2843 284 2929 praeclare
307 2842 406 2927 gestis
429 2845 539 2906 auctor
561 2841 641 2920 fuit,
665 2848 717 2920 ut,
752 2842 807 2926 qui
830 2847 898 2907 erat
921 2848 1014 2908 antea
1036 2844 1199 2929 popularis
1222 2844 1285 2908 rei-

134 2949 269 3033 publicae
289 2946 441 3011 Romanae
463 2951 582 3027 status,
616 2952 862 3013 commutaretur
895 2950 929 3012 in
959 2950 1082 3035 regium
1105 2971 1204 3035 prope
1227 2950 1283 3013 do·

134 3053 301 3117 minatum.
347 3049 459 3135 Neque
487 3053 589 3116 multo
611 3056 685 3136 post
707 3053 789 3116 hanc
812 3053 936 3135 imperii
958 3054 1168 3119 mutationem
1192 3074 1282 3118 exor-

134 3161 184 3222 tus
208 3159 257 3222 est
280 3156 335 3220 ille
353 3155 488 3239 justitiae
512 3158 577 3234 sol,
613 3157 793 3242 redemptor
823 3161 855 3221 et
886 3163 1026 3224 servator
1058 3161 1174 3223 noster.
1223 3156 1282 3222 Ille

133 3285 206 3329 vero
230 3262 410 3326 dominatus
434 3265 468 3325 ut
491 3261 601 3346 populi
617 3262 754 3326 Romani
776 3263 957 3328 libertatem
981 3263 1113 3342 adflixit,
1136 3265 1182 3327 ita
1205 3285 1284 3346 quo·

134 3390 194 3452 que
218 3367 397 3433 doctrinam
421 3370 452 3430 et
475 3368 662 3452 religionem
685 3391 704 3431 a
734 3367 904 3433 liberatore
936 3374 1045 3432 nostro
1076 3369 1285 3433 constitutam

134 3478 165 3538 et
187 3473 332 3537 relictam
355 3473 505 3536 acerrime
528 3476 709 3556 persecutus
725 3480 782 3552 est,
806 3474 845 3538 ad
862 3478 1019 3539 trecentos
1033 3475 1157 3539 circiter
1173 3496 1282 3538 anuos.

135 3579 204 3657 Quo
222 3582 365 3661 tempore
381 3575 485 3641 Caesar
500 3578 663 3642 Romanus
680 3578 909 3643 Constantinus
929 3580 1085 3665 evangelii
1108 3580 1285 3644 doctrinam

133 3682 314 3766 complexus
338 3682 419 3760 fuit,
454 3683 508 3766 qui
536 3686 568 3746 et
596 3683 664 3765 ipse
698 3687 827 3765 propter
861 3685 986 3768 egregie
1018 3685 1207 3767 fortiterque
1229 3685 1284 3748 ad-

134 3789 351 3852 ministratam
374 3787 603 3870 rempublicam
619 3786 730 3871 Magni
747 3808 920 3871 cognomen
937 3788 1070 3872 adeptus
1086 3791 1143 3852 est.
1175 3788 1286 3873 Longo

134 3893 247 3957 deinde
275 3895 348 3975 post
379 3891 546 3956 intervallo
579 3892 698 3975 prodiit
731 3891 879 3973 Carolus,
915 3915 931 3957 e
965 3893 1161 3958 Francorum
1191 3897 1287 3958 natus

133 3998 267 4076 familia,
291 3996 349 4060 sub
373 4018 436 4079 qno
458 4001 490 4062 et
513 3998 649 4062 divisum
672 4001 721 4062 est
743 3998 929 4082 imperium,
953 4003 985 4063 et
1007 3999 1212 4084 pontificatus
1235 3997 1285 4060 in-

133 4105 269 4190 signiter
286 4107 397 4167 auctus
412 4103 475 4166 fuit
491 4107 586 4186 atque
601 4102 833 4188 locupletatus;
850 4125 984 4186 quorum
1000 4108 1160 4186 utrunque
1176 4101 1286 4185 magui
1309 4099 1310 4102 ’

132 4231 207 4274 sane
230 4212 279 4272 est
301 4208 473 4285 momenti,
509 4212 541 4272 et
574 4209 659 4272 inter
690 4208 900 4273 humanarum
924 4231 1028 4272 rerum
1050 4208 1285 4272 vicissitudines

132 4315 266 4379 minime
288 4316 448 4396 postremo
470 4313 540 4397 loco
564 4314 690 4378 recitari
714 4314 815 4379 debet.
854 4314 917 4379 Hic
939 4317 1045 4378 autem
1060 4311 1201 4391 Carolus
1225 4316 1285 4379 etsi

177 4433 305 4476 Slaidanus
1044 4418 1075 4474 16
