2850 5018
688 408 750 476 las

137 581 393 650 tentissimorum
417 602 528 666 regum
551 580 651 647 animi
674 581 925 647 reconcilientur.
957 581 1007 648 Ita
1028 583 1182 664 futurum,
1205 588 1292 653 utet

141 689 320 755 'furcarum
344 687 481 771 impetus
503 687 684 771 rejiciatur,
708 692 740 752 et
763 688 895 753 haereses
917 690 1144 775 profligentur,
1167 695 1200 757 et
1221 692 1290 757 orbi

138 794 279 879 pristina
301 815 358 856 sua
379 793 486 857 redeat
509 793 735 877 tranquillitas.
784 795 950 871 Quodnam
972 796 1058 861 istud
1086 803 1149 875 est,
1174 819 1289 881 quasso,

139 899 360 984 paradoxum?
395 903 470 977 aut,
506 921 561 964 cur
592 900 637 963 sic
668 899 801 964 invertit
822 921 928 964 rerum
950 899 1116 965 ordinem?
1161 901 1289 968 Nostris

139 1005 266 1088 quidem
290 1004 482 1068 factionibus
505 1008 537 1070 et
552 1006 632 1070 odiis
649 1005 746 1070 crevit
760 1010 792 1070 et
807 1006 1035 1089 amplificatum
1051 1012 1100 1071 est
1115 1007 1289 1073 Turcarum

140 1110 318 1195 imperium.
350 1110 419 1175 Hac
440 1110 525 1175 eriim
548 1111 670 1175 ratione
693 1115 725 1176 et
741 1111 894 1177 Graeciam
910 1116 943 1176 et
957 1111 1089 1197 Epirum
1106 1117 1138 1178 et
1153 1113 1288 1198 Mysiam

138 1218 308 1299 utramque
329 1219 449 1293 tenent,
473 1215 674 1301 Hungariam
697 1238 822 1300 quoque
851 1217 988 1295 interea,
1022 1217 1096 1281 dum
1121 1218 1153 1281 in
1178 1220 1288 1282 nostra

139 1323 196 1410 ipsi
221 1322 343 1387 viscera
365 1343 562 1406 grassamur,
595 1326 797 1407 occuparunt.
843 1322 875 1387 Si
896 1324 963 1406 jam
986 1326 1155 1407 penetrant
1171 1322 1226 1387 -vel
1253 1323 1286 1386 in

140 1429 304 1494 Austriam
327 1431 360 1491 et
381 1427 450 1491 loca
471 1428 575 1492 vicina
597 1428 647 1491 vel
666 1428 699 1491 in
718 1426 854 1506 ltaliam,
878 1427 960 1492 nibil
975 1432 1088 1511 praeter
1104 1427 1286 1512 opinionem

139 1533 270 1611 faciunt,
294 1533 348 1616 qui
373 1537 405 1596 et
428 1537 522 1597 antea
544 1531 605 1595 sibi
628 1531 711 1595 viam
734 1532 961 1616 patefecerunt,
984 1536 1016 1597 et
1038 1554 1095 1596 nos
1118 1532 1164 1597 ita
1178 1532 1287 1597 vident

139 1640 306 1724 impeditos
328 1637 474 1703 civilibus
496 1637 598 1715 malis,
622 1640 659 1700 ut
681 1637 734 1701 vix
753 1635 758 1723 l
777 1659 860 1723 aegre
881 1638 1036 1721 possimus
1060 1638 1185 1702 obviam
1207 1637 1286 1723 ipsis

139 1765 317 1829 properare.
353 1742 437 1807 Vera
453 1746 529 1805 suut
544 1743 614 1819 ista,
638 1743 771 1807 sednon
788 1747 836 1807 est
857 1744 909 1808 hic
931 1743 1176 1821 consistendum,
1200 1744 1287 1808 velut

139 1849 174 1914 ad
197 1850 323 1913 fontem
347 1852 379 1911 et
396 1847 552 1932 originem
568 1847 655 1926 mali,
679 1847 761 1913 sicut
776 1848 830 1912 ille
845 1847 931 1926 facit,
954 1849 1084 1913 omnino
1099 1849 1286 1914 veteratorie

138 1958 167 2019 et
187 1955 351 2020 insidiose.
383 1953 551 2029 Turoicum
573 1953 710 2017 furorem
736 1957 768 2017 et
791 1954 942 2037 postremi
965 1953 1117 2036 temporis
1132 1954 1285 2019 maximas

137 2060 322 2125 acerbitates
347 2060 603 2142 praenuntiarunt
625 2081 720 2124 sacrae
743 2059 872 2135 litterae3
906 2059 1019 2124 harum
1050 2081 1122 2123 vcro
1153 2060 1282 2123 calami-

138 2169 240 2231 tatum
275 2157 415 2230 efficiens
446 2186 539 2229 causa
568 2187 633 2229 non
666 2169 712 2228 est
742 2165 860 2228 bellum
894 2164 1022 2248 aliquod
1055 2167 1200 2228 nostrum
1233 2164 1284 2227 in-

138 2273 301 2349 testinum,
325 2270 378 2335 sed
402 2270 462 2334 boc
483 2271 588 2355 ipsum
609 2270 728 2335 bellum
753 2270 911 2334 numerari
934 2270 1027 2335 debet
1046 2269 1130 2333 inter
1145 2269 1283 2346 effectus,

138 2380 278 2462 aliasque
308 2377 428 2455 clades,
463 2376 578 2460 quibus
608 2374 715 2441 aDco
737 2376 948 2440 verberamur.
996 2376 1073 2452 Quas
1105 2374 1148 2439 sit
1178 2376 1283 2437 autem

138 2483 228 2570 hujus
251 2485 351 2547 tantae
374 2481 430 2545 irae
452 2485 483 2545 et
498 2481 680 2546 offensionis
696 2480 811 2546 divinae
826 2502 929 2559 causa,
952 2478 1208 2565 investigandum
1224 2481 1282 2544 est.

220 2589 300 2654 Cum
323 2588 424 2672 igitur
446 2587 553 2651 omnia
576 2586 746 2672 diligenter
768 2586 1064 2670 perquisiverimus‚
1088 2588 1174 2649 certo
1197 2603 1282 2648 com-

137 2695 305 2778 periemus,
335 2692 438 2758 Deum
467 2694 556 2759 nulla
583 2715 617 2756 re
647 2697 811 2777 tantopere
843 2693 960 2757 offendi
984 2714 1079 2776 quam
1102 2689 1284 2755 idololatria

138 2804 164 2865 et
191 2799 283 2864 verbi
311 2800 361 2863 sui
392 2802 584 2881 contemptu.
629 2797 735 2864 Nimis
770 2799 854 2862 enim
884 2797 986 2863 multa
1014 2800 1091 2862 sunt
1119 2797 1282 2879 scripturae
1370 2883 1371 2886 Ἴ

137 2905 325 2983 testimonia,
350 2905 465 2988 quibus
487 2904 547 2969 hoc
568 2905 732 2988 probatur,
759 2908 791 2968 et
813 2905 898 2969 solus
921 2901 1114 2968 israeliticus
1136 2902 1281 2999 populus,

138 3011 164 3076 in
188 3010 339 3094 Assyrios
362 3012 395 3072 et
417 3009 611 3094 Babylonios
626 3011 788 3087 abductus,
814 3011 937 3074 illustre
954 3010 1044 3073 nobis
1059 3008 1281 3073 documentum

138 3115 278 3203 praebuit.
325 3113 388 3179 Hic
410 3119 457 3178 est
479 3115 533 3180 ille
556 3115 642 3193 fons,
678 3139 771 3200 quem
793 3115 1001 3201 requirimus,
1033 3114 1092 3178 boc
1125 3112 1220 3195 caput
1248 3113 1282 3173 et

137 3238 219 3308 seges
238 3219 383 3284 omnium
407 3219 701 3296 incommodorum
736 3220 788 3285 hic
817 3219 1048 3283 immorandum
1078 3219 1145 3294 est,
1179 3233 1282 3297 neque

136 3324 260 3412 lougius
283 3325 557 3409 progrediendum.
589 3323 662 3389 Jam
677 3347 750 3390 vero
767 3325 900 3389 Turcica
921 3324 1034 3402 rabies,
1058 3343 1120 3406 quo
1143 3319 1281 3404 primum

137 3430 275 3512 tempore
299 3429 395 3512 ooepit
417 3429 450 3492 in
474 3429 591 3493 nostris
613 3429 731 3494 finibus
752 3429 915 3515 grassari?
959 3427 1060 3507 Certe,
1088 3447 1149 3510 quo
1172 3445 1280 3508 super·

696 3604 714 3643 ‘l‘

136 3744 347 3828 trespuissans
369 3748 480 3830 soyent
503 3746 701 3829 reconcilies,
735 3747 813 3809 dont
842 3744 990 3809 aviendra
1021 3765 1080 3827 que
1102 3743 1146 3805 les
1169 3762 1281 3804 assaux

134 3849 182 3914 des
207 3849 310 3913 Turcs
332 3854 440 3914 serent
462 3851 626 3927 reboutea,
650 3851 695 3916 les
718 3851 854 3915 heresias
877 3849 1036 3932 rejettees,
1060 3852 1092 3910 et
1113 3847 1143 3910 le
1166 3844 1280 3908 monde

133 3955 225 4019 remis
249 3976 288 4018 en
312 3976 347 4018 sa
368 3957 522 4038 premiere
544 3956 743 4039 tranquillite‘
766 3959 798 4020 et
819 3976 920 4038 repos.

696 4131 713 4170 *

131 4268 234 4333 destos
248 4295 336 4356 ‘moy
359 4273 526 4355 poderosus
549 4273 668 4358 Reyes,
702 4298 724 4359 y
754 4296 814 4357 que
844 4272 931 4338 desta
960 4292 1088 4335 manera
1118 4291 1151 4333 se
1181 4266 1280 4350 podra

131 4376 258 4442 robolar
282 4379 308 4442 el
334 4379 454 4462 impetu
477 4380 527 4444 del
543 4381 655 4459 Turco,
679 4405 699 4466 y
723 4381 911 4445 desterrarse
933 4378 985 4442 las'
1002 4374 1156 4459 heregias,
1178 4371 1279 4455 yassi

129 4482 260 4548 tomara
283 4481 312 4547 cl
334 4483 451 4548 mundo
475 4507 494 4552 a
517 4486 549 4549 la
569 4484 784 4570 tranquilidad
807 4507 846 4550 en
870 4506 930 4577 que
952 4482 1031 4547 solia
1053 4483 1146 4554 estat,
