2850 5018
687 357 745 418 101

133 533 319 611 eluderent,
344 532 379 595 in
402 531 484 594 hanc
506 532 562 593 aut
585 529 743 607 similem,
776 533 813 593 ut
835 528 997 613 sequitur,
1032 530 1222 596 sententiam
1246 531 1291 596 eis

132 636 322 720 responderi
345 634 469 720 possit?

222 741 306 817 Quid
330 741 414 805 istud
437 745 484 804 est
508 740 554 804 rei
576 762 683 817 novae,
719 744 826 824 patres
849 740 1021 825 conscripti
1044 745 1076 805 et
1097 742 1290 825 purpurati?

132 849 186 913 An
206 847 352 931 judicum
375 867 542 929 personam
565 844 653 909 iobis
676 846 773 909 etiam
796 845 930 923 sumitis,
955 846 1011 929 qui
1034 850 1099 909 tam
1123 847 1198 910 estis
1214 869 1288 932 gra-

132 955 218 1018 viter
242 951 407 1016 accusati?
446 949 533 1014 Num
557 952 808 1015 emendationem
832 951 981 1014 vitiorum
1005 955 1038 1015 11
1061 952 1214 1015 abusuum
1239 952 1289 1015 in-

136 1057 297 1122 stituitis?
343 1055 443 1146 Atqui
473 1059 589 1137 praeter
612 1077 730 1120 morem
755 1056 840 1120 istud
863 1059 919 1120 est.
966 1055 1127 1120 Hactenus
1150 1057 1233 1121 enim
1258 1056 1289 1120 id

135 1162 236 1227 solum
261 1160 394 1224 dedistis
417 1181 554 1242 operam,
580 1165 617 1224 ut
640 1183 827 1245 quacunque
850 1163 972 1227 ratione
995 1185 1090 1246 quam
1105 1162 1288 1246 locupletis·

132 1267 207 1331 simi
230 1266 331 1342 facti,
365 1265 513 1348 plurimis
542 1268 747 1347 accumulatis
779 1268 982 1344 sacerdotiis,
1010 1267 1164 1370 ‘viveretis
1193 1289 1288 1350 quam
1324 1319 1327 1336 .

136 1371 323 1436 suavissime
339 1375 371 1435 et
386 1371 580 1436 mollissime.
613 1370 646 1436 Si
662 1373 788 1457 qualem
804 1377 939 1456 oportet,
963 1373 1060 1437 talem
1079 1371 1289 1437 institueretis

134 1483 166 1543 et
188 1477 344 1541 doctrina
367 1479 400 1540 et
431 1476 607 1560 disciplinae
639 1482 671 1541 et
702 1478 776 1542 vitae
807 1501 993 1563 morumque
1026 1478 1287 1556 emendationem,

129 1583 196 1663 jam
219 1603 299 1647 sane
320 1581 463 1665 plerique
486 1584 625 1645 vestrum
649 1582 795 1667 exiguam
818 1588 850 1647 et
872 1589 999 1647 tenuem
1023 1583 1190 1648 admodum
1217 1584 1287 1648 sitis

133 1687 279 1752 habituri
302 1685 469 1763 familiam,
493 1686 548 1770 qui
571 1709 655 1751 nunc
679 1688 712 1751 in
736 1689 932 1773 amplissimo
954 1690 1032 1754 luxu
1054 1694 1085 1754 et
1100 1711 1224 1775 vmagna
1239 1712 1305 1754 re·x

131 1817 204 1858 rum
229 1793 320 1876 copia
344 1793 540 1857 securissime
560 1793 676 1857 vivitis
725 1794 808 1871 Quid
838 1799 885 1859 est
915 1814 1018 1859 causac
1047 1795 1096 1859 vel
1118 1819 1181 1880 quo
1200 1797 1287 1880 justo

133 1899 231 1963 titulo
255 1902 364 1962 tantas
386 1899 553 1982 possidetis
576 1901 674 1982 opes?
721 1900 872 1976 Quaenam
897 1905 974 1965 sunt
995 1901 1063 1965 istae
1085 1905 1198 1965 vestrae
1221 1906 1286 1964 tam

132 2005 259 2069 eximiae
282 2004 426 2082 virtutes,
450 2026 520 2098 quaa
541 2008 666 2068 tantam
682 2010 844 2070 merentur
859 2007 1167 2070 remunerationem?
1199 2003 1287 2069 Num

132 2116 163 2176 et
185 2109 285 2174 vestis
308 2109 451 2194 longior,
476 2113 508 2172 et
531 2109 626 2189 illud,
650 2111 733 2193 quod
757 2112 837 2175 vesti
860 2112 1135 2196 superimponitis,
1166 2112 1285 2176 lineum

702 2231 719 2268 *

133 2343 174 2385 an
196 2320 243 2384 sie
266 2319 379 2384 stellen
404 2321 489 2384 solt?
535 2320 634 2384 Hasce
663 2344 737 2386 man
772 2321 821 2384 nit·
843 2326 920 2406 gdte
942 2322 1001 2407 fug
1023 2323 1088 2388 und
1111 2322 1225 2387 ursach
1247 2325 1285 2386 nd

133 2447 240 2511 sagen,

133 2529 257 2596 Brdder
280 2531 332 2595 ich
354 2531 416 2595 ken
440 2531 511 2596 dich
536 2533 612 2611 wol,
637 2534 677 2597 du
700 2535 765 2598 bist
788 2535 838 2599 nit
861 2536 915 2599 der
935 2534 1047 2619 jhenig
1070 2533 1125 2599 der
1148 2555 1180 2597 es
1203 2531 1284 2595 thdu

133 2638 210 2716 solt,
248 2638 333 2701 denn
363 2637 575 2716 schlemmen,
611 2640 854 2722 hancquetiren,
891 2641 950 2704 mit
974 2639 1136 2723 hupschen
1160 2637 1284 2702 Metzen

134 2742 282 2819 hofieren,
306 2743 356 2807 die
371 2741 448 2807 Post
463 2765 593 2820 rennen,
618 2742 802 2808 Beneficia¹
827 2749 866 2810 zd
885 2745 1021 2822 werhen,
1044 2744 1109 2808 und
1133 2743 1283 2828 volgends

133 2848 163 2912 in
187 2850 268 2914 aller
292 2850 418 2914 wollust
431 2849 542 2927 leben,
567 2850 668 2914 solchs
691 2850 734 2913 ist
757 2873 838 2914 ewre
861 2851 945 2915 sach.
976 2850 1019 2914 Es
1035 2849 1102 2913 will
1124 2848 1203 2912 euch
1225 2869 1284 2932 gar

133 2955 204 3019 abel
228 2955 383 3019 anstehen
407 2960 445 3019 nh
468 2955 674 3032 reformiren,
699 2956 781 3019 denn
805 2978 853 3019 wo
877 2956 905 3019 ir
928 2957 1048 3019 soltent
1071 2953 1161 3019 recht
1182 2953 1282 3017 refor-

134 3061 243 3138 miren,
269 3055 400 3125 mdssten
424 3082 540 3124 ewerer
561 3061 606 3123 vil
630 3064 669 3125 zu
692 3061 747 3126 fuss
771 3062 944 3151 lacqueien,
968 3061 1008 3125 da
1028 3061 1057 3123 ir
1068 3059 1197 3143 jetzund
1214 3059 1283 3122 eine

133 3187 240 3250 grosse
264 3168 354 3230 annal
377 3166 534 3249 hiipscher
557 3167 674 3251 hengst
700 3168 766 3231 und
797 3167 967 3245 maulcsel,
993 3166 1136 3245 ¹ldistlich
1163 3165 1281 3249 aulige-

132 3269 258 3348 butzet,
292 3271 438 3349 haltent,
471 3273 536 3335 und
569 3273 771 3358 onm'assigen
804 3273 918 3357 pracht
940 3272 1087 3336 treibent.
1134 3268 1196 3333 Mit
1219 3291 1282 3332 was

131 3376 244 3462 higen,
280 3375 367 3441 auss²
390 3400 453 3441 was
477 3378 630 3442 ursachen
654 3379 811 3442 besitzent
833 3379 862 3441 ir
884 3400 918 3442 so
943 3378 1013 3461 [65]
1037 3396 1143 3461 grosse
1166 3368 1282 3458 gdter‘?

130 3478 204 3546 Was
228 3482 374 3547 kdnnent
396 3483 424 3546 ir
454 3483 584 3548 macheu
617 3484 722 3560 mehr,
760 3485 845 3548 daun
877 3485 991 3548 andere
1020 3484 1108 3547 leut‘l
1151 3479 1282 3544 Welche

130 3588 263 3665 schrift,
287 3589 403 3652 welche
427 3589 509 3653 bihel
534 3594 621 3675 sagt,
657 3590 711 3654 das
733 3591 761 3657 ir
785 3590 863 3654 eben
887 3590 1038 3674 viertzig,
1072 3586 1195 3670 funfzig
1217 3585 1282 3647 und

131 3694 219 3771 mehr
235 3697 365 3757 tausent
377 3693 520 3758 Ducaten
540 3695 697 3778 j'arlichcn
714 3696 897 3759 einlromens
912 3695 1016 3758 haben
1032 3688 1123 3756 miillt
1136 3689 1174 3753 ³?
1204 3688 1281 3752 Man

130 3800 215 3884 weyll
240 3821 281 3883 ye
304 3800 374 3877 wol,
399 3800 453 3863 das
477 3822 558 3863 ewer
581 3799 695 3864 etlichc
718 3801 762 3864 vil
786 3802 846 3864 auli
871 3794 1215 3878 eweremPatrimonio
1231 3794 1282 3857 nit

130 3905 188 3969 wol
212 3904 305 3968 einen
330 3903 400 3972 Esel
424 3906 565 3970 kdndten
589 3928 754 3984 erneeren,
781 3905 854 3969 4111
877 3907 961 3969 danu
986 3903 1036 3967 ein
1060 3902 1172 3985 langer
1195 3898 1279 3976 rock,

131 4010 177 4072 ein
203 4009 301 4085 chur,
326 4009 441 4074 hembd
464 4013 528 4075 und
552 4013 691 4090 mantel,
715 4013 766 4076 ein
790 4012 944 4097 geschorn
968 4010 1033 4074 und
1056 4005 1281 4095 geschmierter

132 4112 227 4198 lopff,
252 4115 303 4178 ein
327 4116 499 4181 weirauchs
521 4117 595 4196 fass,
619 4118 671 4182 ein
693 4139 856 4202 prangen,
888 4117 952 4181 und
976 4110 1164 4179 eusserliche
1187 4107 1278 4173 Ocre-

199 4270 302 4325 lumb
320 4270 414 4326 Benef.
503 4271 616 4327 2auch
634 4220 733 4340 (drutk
754 4273 776 4326 l.
796 4272 821 4325 2.
840 4273 867 4342 3)
889 4272 962 4326 11111
987 4267 1051 4325 auli.
1142 4260 1280 4322 amnui?

133 4353 207 4411 Wers
225 4354 321 4412 111111
340 4358 471 4424 machon,
499 4359 549 4414 das
574 4359 599 4413 ir
624 4360 692 4414 ench
717 4360 770 4414 mit
794 4376 893 4431 eynem
917 4359 1085 4430 geringeren
1101 4357 1215 4413 liessent
1233 4356 1279 4413 be

135 4443 242 4512 rugen?
327 4445 433 4501 4111111
451 4447 468 4501 4
486 4446 529 4501 bis
548 4450 573 4515 †.
