2850 5018
686 355 749 416 243

227 527 319 606 Quod
341 548 413 598 cum
436 526 483 593 ite
505 525 564 604 sit,
598 526 755 610 reliquum
788 531 853 606 est,
885 531 922 592 ut
952 528 1091 612 cogites,
1127 530 1159 590 te
1181 525 1291 592 datum

141 650 203 699 esse
226 633 267 698 ab
291 632 347 696 illo
370 632 566 697 adsalutem
590 653 699 696 eorum
721 632 930 716 populorum,
963 632 1077 716 quibus
1105 635 1138 696 te
1160 653 1293 715 praeesse

140 738 248 805 voluit.
296 735 449 821 Optamus
473 740 557 802 certe
579 758 703 815 onmes,
728 759 764 802 ac
786 759 950 821 precamur
973 737 1092 816 Deum,
1123 741 1160 802 ut
1183 758 1292 821 quem-

142 844 310 910 admodum
335 842 409 928 Cyri
440 843 583 908 animum
614 843 690 907 olim
721 843 856 907 emolliit
887 847 920 908 et
948 844 987 908 ad
1010 844 1059 908 sui
1081 844 1193 928 populi
1214 843 1293 908 libe-

141 950 299 1016 rationem
315 948 574 1026 accommodavit,
598 946 645 1013 ite
667 969 790 1031 quoque
811 951 844 1013 te
867 948 917 1013 his
940 949 1058 1013 nostris
1082 949 1217 1014 nimium
1239 949 1294 1013 ad-

142 1056 238 1121 flictis
252 1053 364 1121 atsere
375 1054 546 1138 deploratis
558 1052 752 1137 temporibus
762 1052 934 1119 salutarem
944 1075 1011 1119 esse
1020 1054 1097 1119 velit
1107 1053 1293 1138 principem.

140 1161 181 1227 Et
202 1161 264 1227 hoc
286 1182 324 1226 eo
345 1159 562 1226 vehementius
585 1161 749 1243 optamus,
784 1180 846 1242 quo
878 1160 978 1244 major
1000 1159 1035 1223 in
1058 1163 1090 1224 te
1113 1160 1293 1244 prudentia,

141 1264 350 1333 mansuetudo
380 1269 411 1329 et
443 1263 625 1329 humanitas
656 1264 929 1329 animadvertitur.
987 1263 1071 1329 Nam
1106 1264 1166 1329 etsi
1200 1287 1293 1330 nemo

142 1369 301 1436 dubitavit
322 1369 484 1447 hactenus,
509 1369 587 1453 quin
609 1368 780 1434 adversarii
802 1368 960 1453 pontificii
983 1368 1069 1435 omni
1093 1389 1209 1454 genere
1224 1393 1292 1434 ma-

142 1476 307 1542 chinarum
331 1478 522 1542 conarentur
543 1478 576 1540 te
599 1477 752 1558 perpetuo
775 1475 815 1538 ad
845 1474 964 1540 bellum
993 1473 1143 1553 incitare,
1176 1472 1292 1559 [Xiiij]

143 1603 226 1655 nunc
248 1585 358 1647 tamen
380 1580 426 1646 ita
449 1584 524 1646 sunt
545 1579 704 1664 patefacta
725 1579 866 1663 ipsorum
889 1579 1036 1659 consilia,
1059 1583 1096 1644 ut
1118 1583 1204 1646 certo
1227 1582 1292 1644 sta·

143 1687 295 1767 tuendum
313 1687 367 1765 sit,
390 1707 456 1765 esse
471 1684 584 1764 Deum,
609 1686 664 1769 qui
686 1689 824 1752 mentem
847 1684 930 1750 hanc
952 1685 1011 1749 tibi
1035 1684 1131 1766 dedit,
1154 1689 1200 1763 ut,
1224 1706 1296 1749 cum

144 1791 297 1859 amultis
320 1813 406 1856 nunc
433 1792 525 1856 annis
556 1795 622 1856 tam
651 1790 737 1855 varie
768 1795 897 1874 tamque
927 1791 1148 1875 multipliciter
1180 1790 1223 1855 sis
1255 1789 1296 1854 ad

145 1920 232 1963 arma
254 1896 455 1977 sollicitatus
479 1896 561 1962 nihil
584 1900 690 1962 tamen
713 1896 865 1961 hactenus
887 1895 1064 1961 institueris
1087 1895 1126 1960 ab
1144 1894 1295 1978 aequitate

145 2007 198 2069 aut
220 2004 347 2074 ratione
370 2004 613 2070 dissentaneum.
646 2002 688 2067 hit
703 2003 785 2067 sicut
799 2002 839 2067 ad
854 2003 954 2068 solam
971 2000 1165 2065 mentionem
1187 2022 1295 2064 earum

145 2108 420 2194 conjurationum,
456 2131 534 2192 quas
563 2108 658 2172 tacite
688 2108 836 2173 nonnulli
866 2111 898 2173 et
930 2107 1052 2173 occulte
1081 2102 1313 2189 susceperant,¹

146 2234 253 2280 omnes
277 2213 451 2279 concordiae
473 2213 580 2297 cupidi
603 2212 849 2291 exhorrescunt,
884 2213 1077 2297 ita·quoque
1099 2215 1150 2291 te,
1182 2210 1296 2290 Caesar,

146 2319 344 2386 admirantur
369 2321 400 2383 et
422 2319 548 2404 magnis
571 2319 717 2384 laudibus
740 2317 915 2397 extollunt,
946 2318 1002 2401 qui
1029 2317 1079 2382 tui
1101 2316 1241 2382 muneris
1265 2318 1296 2380 et

147 2423 316 2508 dignitatis
338 2443 474 2503 memor,
498 2424 646 2489 omnibus
669 2424 769 2489 modis
793 2424 961 2503 laborasti,
985 2427 1031 2500 ut,
1055 2421 1138 2505 quod
1160 2418 1298 2504 excitare

147 2528 193 2593 illi
215 2529 251 2594 in
274 2528 379 2612 patria
407 2529 593 2613 cupiebant,
625 2530 804 2595 incendium
836 2529 1077 2613 opprimeretur.
1124 2515 1297 2592 Maximam

147 2634 245 2719 igitur
259 2634 436 2703 immortali
447 2635 514 2700 Deo
530 2635 668 2721 gratiam
690 2635 853 2714 habemus,
876 2635 1025 2718 primum,
1052 2632 1136 2716 quod
1159 2632 1298 2697 actiones

146 2740 340 2824 consiliaque
362 2744 418 2805 tua
440 2742 485 2806 sic
508 2741 660 2807 hactenus
682 2741 883 2825 gubernavit,
906 2745 943 2805 ut
965 2739 1090 2804 nullum
1111 2736 1297 2821 impotentis

146 2845 244 2909 enimi
266 2845 437 2930 vestigium
461 2847 562 2911 ineis
586 2832 848 2929 deprehendatur,
872 2846 1004 2932 deinde,
1041 2843 1124 2928 quod
1153 2843 1188 2906 in
1211 2841 1297 2909 hunc

147 2972 244 3033 usque
268 2950 360 3030 diem,
384 2952 462 3017 vitae.
480 2956 543 3017 tuae
565 2973 691 3017 cursum
714 2951 852 3030 deduxit,
877 2973 939 3034 quo
961 2949 1067 3014 videre
1090 2951 1179 3031 potes
1202 2951 1298 3030 atque

144 3054 294 3137 judicare,
317 3044 383 3120 non
406 3078 472 3120 esse
494 3055 594 3134 nihil,
624 3056 707 3138 quod
731 3055 796 3132 illi,
830 3054 986 3136 aquibus
1009 3051 1143 3118 antehac
1165 3051 1298 3116 alienior

147 3158 256 3239 fuisti,
292 3181 357 3225 non
387 3166 454 3225 tam
484 3165 540 3225 tua
563 3160 698 3244 quadam
720 3163 833 3244 sponte
856 3179 951 3242 quam
974 3157 1130 3241 impulsus
1152 3155 1193 3221 ab
1216 3155 1298 3235 aliis,

715 3332 733 3371 *

149 3474 188 3541 So
216 3476 274 3540 hat
304 3473 384 3538 auch
409 3473 444 3538 Ε.
470 3475 512 3541 Μ.
544 3473 716 3539 widerumb
748 3473 800 3538 ein
822 3494 931 3558 grosse
955 3473 1122 3557 rechnung
1144 3472 1183 3537 zb
1205 3470 1297 3537 rhun.

149 3581 190 3647 Es
212 3582 277 3646 ken
293 3578 329 3645 Ε.
346 3580 389 3645 Μ.
414 3581 484 3645 dem
500 3580 622 3645 Herren
646 3580 696 3645 nit
718 3583 808 3664 gndg
831 3579 989 3656 dancken,
1007 3577 1086 3642 Zum
1108 3581 1221 3655 ersten,
1245 3577 1300 3639 das

149 3685 216 3751 sich
240 3684 278 3752 Ε.
303 3684 346 3749 M.
370 3686 445 3750 umb
469 3685 551 3751 diser
574 3684 689 3750 sachen
712 3684 819 3748 willen
851 3685 885 3747 in
908 3683 1022 3748 keinen
1045 3683 1136 3767 krieg
1159 3680 1299 3764 begeben

109 3831 112 3836 ι
149 3791 226 3870 hat,
259 3791 373 3855 welche
403 3813 444 3855 on
477 3791 561 3855 allen
592 3790 733 3867 zweifel,
768 3788 838 3852 eine
866 3809 975 3872 grosse
1004 3788 1088 3872 guad
1113 3785 1223 3857 Gottes
1246 3786 1298 3850 ist.

150 3894 320 3973 Darnach,
352 3896 407 3960 das
431 3895 465 3962 Ε.
481 3895 533 3958 Μ.
557 3894 586 3959 ir
608 3917 712 3960 wesen
734 3894 800 3957 und
823 3893 1011 3978 regiorung,
1035 3893 1085 3957 bis
1107 3895 1146 3956 ud
1170 3891 1300 3974 ietziger

128 4000 211 4066 ,neit
233 3994 475 4086 gldckseliglich
498 3999 619 4078 bracht,
643 3999 709 4063 und
732 3999 792 4062 den
814 4000 870 4082 tag
885 3996 987 4062 erlebt
1002 3997 1068 4074 hat,
1092 3996 1146 4060 das
1162 3995 1208 4060 sie
1223 3990 1300 4066 dher

148 4105 235 4171 allen
259 4105 472 4191 vorgehabten
496 4105 606 4170 unlust
628 4105 694 4168 und
715 4103 877 4182 unwillen,
901 4125 972 4167 zum
995 4103 1111 4167 letsten
1133 4102 1198 4165 und
1221 4099 1298 4164 eud·

148 4210 213 4275 lich
237 4209 334 4274 dahin
358 4210 513 4275 berichtet
530 4208 588 4289 ist,
613 4211 668 4274 das
690 4210 737 4275 sie
759 4210 920 4273 erkennen
943 4229 1027 4292 mag,
1051 4229 1083 4271 es
1106 4207 1151 4269 sei
1174 4207 1223 4269 nit
1245 4209 1299 4269 zd-

149 4316 280 4380 malon
303 4316 427 4394 ursach,
450 4317 505 4380 das
527 4316 578 4380 die
599 4315 703 4398 jhene‚
727 4336 829 4399 gegen
853 4313 970 4378 welche
993 4311 1028 4375 Ε.
1050 4311 1093 4375 M.
1119 4311 1217 4377 durch
1241 4311 1300 4374 vil·

1035 4416 1067 4470 16
1078 4417 1092 4446 *¹
