2850 5018
681 344 744 405 226

136 517 353 581 sanctimoniae
375 516 509 600 speciem
532 516 592 578 sibi
615 519 828 598 sumpserunt,
852 517 899 578 ita
919 515 1056 597 quidem,
1080 519 1117 579 ut
1143 514 1289 579 homines

136 623 272 686 maxime
295 622 498 706 religiosum,
531 622 673 685 divinum
703 625 735 684 et
764 623 998 684 sacrosanctum
1023 641 1090 684 esse
1112 619 1288 697 crederent,

135 727 285 810 quicquid
309 727 348 789 ab
372 727 416 790 eis
438 730 609 790 emanaret.
655 725 721 789 Sub
751 726 809 790 hoo
838 729 1042 811 tegumento,
1076 726 1227 809 luporum
1258 728 1290 789 et

134 832 278 916 vulpium
294 832 431 896 indolem
448 832 617 916 diligenter
626 834 871 915 expresserunt:
896 831 1039 896 insidiati
1061 834 1147 908 sunt,
1172 834 1205 895 et
1220 851 1289 894 om-

133 941 223 1004 nium
246 937 383 1000 fortunis
407 935 582 1015 inhiarunt,
607 940 782 1019 rapuerunt
805 935 844 999 ad
868 958 901 1001 se
918 936 1067 1019 quicquid
1083 936 1211 1020 uspiam
1226 935 1290 998 fuit

135 1042 305 1120 bonorum,
337 1063 395 1105 neo
417 1041 501 1104 ullus
524 1045 573 1104 est
594 1041 698 1104 nostri
721 1041 848 1124 quidem
871 1041 956 1104 orbis
978 1043 1113 1125 populus
1136 1041 1215 1105 adeo
1238 1063 1289 1105 re·

134 1151 239 1211 motus
263 1150 294 1209 et
317 1146 520 1230 longinquus,
545 1146 687 1229 quinon
711 1146 844 1210 senserit
867 1168 974 1210 eorum
993 1147 1211 1230 rapacitatem,
1235 1168 1290 1211 ve·

134 1253 195 1316 luti
218 1253 430 1317 calamitatem
455 1252 613 1334 quandam
635 1252 753 1335 ubique
775 1253 973 1336 grassantem
1008 1257 1040 1316 et
1071 1273 1180 1316 omnes
1215 1271 1289 1336 per-

134 1359 301 1422 vadentem
324 1379 428 1442 agros.
474 1356 647 1440 Postquam
678 1379 761 1434 vero,
793 1356 987 1439 temporibus
1019 1358 1125 1435 aucti,
1160 1354 1291 1419 divitias

135 1485 206 1528 cum
235 1463 385 1547 opinione
416 1462 581 1547 religionis
611 1462 865 1545 conjunxissent,
902 1466 979 1527 tunc
1013 1484 1050 1526 ex
1085 1460 1185 1525 animi
1215 1463 1290 1525 voto

134 1574 295 1634 cesserunt
309 1562 375 1631 illis
392 1569 507 1631 omnia.
539 1567 704 1647 Fecerunt,
729 1568 812 1651 quod
828 1568 932 1631 solent
948 1567 1093 1631 homines
1109 1563 1289 1629 ambitiosi:

135 1695 247 1758 regum
270 1696 303 1736 se
325 1673 496 1737 foederibus
519 1673 713 1751 munierunt,
737 1678 768 1737 et
790 1674 849 1738 hoc
873 1673 1032 1738 consecuti
1056 1673 1152 1750 sunt,
1174 1674 1214 1735 ut
1236 1689 1286 1734 co·

136 1779 244 1842 lantur
267 1778 307 1842 ab
330 1778 477 1842 omnibus
500 1784 531 1844 et
563 1779 776 1856 celebrentur3
811 1779 935 1843 etiamsi
967 1775 1148 1863 tempestas
1180 1774 1290 1857 aliqua

134 1885 292 1962 nascatur,
316 1905 386 1966 quae
409 1883 613 1968 naufragium
636 1884 784 1962 minetur,
807 1905 876 1947 eam
893 1906 926 1948 se
941 1886 1058 1967 putant
1072 1885 1182 1946 tamen
1198 1880 1289 1944 fran-

135 2009 208 2073 gere
230 2009 322 2071 posse
345 1988 395 2051 vel
417 1988 575 2074 mitigare,
600 1988 751 2072 quamdiu
774 2010 838 2052 non
863 1988 1078 2053 destituentur
1107 2007 1205 2050 aureo
1233 1984 1289 2048 illo

133 2094 232 2157 clavo.
266 2094 428 2170 Quantum
444 2093 482 2156 ad
499 2093 641 2156 futuram
661 2098 693 2156 et
716 2097 901 2178 perpetuam
924 2093 1022 2158 vitam
1045 2092 1174 2170 attinet,
1199 2089 1286 2175 cogi·

134 2202 215 2276 tant,
239 2202 276 2261 ut
298 2197 344 2262 ait
367 2198 431 2275 ille,
455 2197 505 2262 rel
521 2219 584 2262 non
602 2218 668 2262 esse
682 2196 786 2262 Deum
802 2198 850 2263 vel
866 2219 931 2262 non
954 2198 1111 2281 respicere
1134 2196 1283 2261 humana.

133 2303 245 2386 Neque
268 2305 350 2368 enim
376 2304 491 2367 desunt
512 2303 561 2366 his
585 2303 789 2386 temporibus,
813 2307 845 2367 et
868 2308 943 2368 sunt
958 2304 1094 2368 fortasse
1109 2324 1176 2368 non
1193 2300 1285 2386 pauci

133 2408 251 2489 Romae,
278 2409 332 2492 qui
355 2412 481 2492 putant,
506 2408 631 2473 nullum
653 2431 720 2473 esse
741 2407 854 2473 Deum.
889 2407 1042 2494 Cuperem
1065 2430 1136 2474 esse
1158 2408 1282 2486 falsum,

702 2529 720 2570 s

134 2620 301 2704 heiligkeit
323 2642 363 2684 an
386 2619 431 2683 im
453 2619 604 2703 gesdchet
626 2620 700 2699 hat,
728 2619 804 2683 aber
826 2619 925 2683 under
949 2619 1047 2684 disem
1069 2619 1199 2698 schein,
1232 2620 1284 2684 hat

133 2750 167 2791 er
190 2727 239 2791 die
261 2725 369 2790 fuschs
392 2725 457 2790 und
480 2726 631 2790 wolffsart
654 2725 848 2789 meisterlich
870 2725 1053 2809 gebraucht,
1078 2724 1136 2789 hat
1152 2725 1230 2790 alles
1244 2747 1281 2790 an

133 2831 200 2895 sich
223 2831 336 2895 bracht
359 2831 424 2894 und
446 2833 604 2916 gerissen,
638 2855 702 2896 was
725 2855 786 2895 nur
809 2831 916 2917 fulgen
941 2831 1056 2896 mocht.
1103 2830 1180 2896 Und
1204 2831 1279 2896 nach

134 2938 203 3001 dem
227 2937 341 3000 erden
371 2939 488 3020 gewalt
521 2938 586 3001 und
617 2959 691 3022 gros
724 2937 923 3014 reichthum‚
956 2937 1016 3000 mit
1049 2935 1120 3000 dem
1146 2937 1281 3022 ,rorigen

132 3041 241 3106 schein
264 3042 318 3105 der
340 3042 490 3106 fromkeit
512 3046 658 3106 ndsamen
681 3042 811 3128 gethon,
835 3043 875 3106 da
896 3043 938 3106 ist
960 3064 992 3106 es
1015 3042 1058 3105 im
1082 3041 1167 3107 nach
1191 3043 1280 3106 allem

132 3147 279 3225 wunsoh,
311 3147 376 3210 und
400 3147 484 3210 seins
507 3146 635 3211 hertzen
658 3147 724 3211 lust
746 3168 883 3232 gangen.
928 3145 969 3210 So
992 3145 1050 3209 hat
1073 3167 1107 3209 er
1132 3147 1215 3211 auch
1235 3145 1281 3210 die

132 3253 246 3330 nrittel,
271 3251 421 3328 numlieh,
446 3252 544 3314 durch
568 3255 628 3336 gur
650 3251 714 3315 und
736 3250 949 3328 reichthumb,
974 3251 1082 3314 seinen
1105 3251 1224 3335 gewall·
1244 3253 1279 3314 all

132 3358 275 3422 sterckeu
299 3358 365 3421 und
388 3361 426 3422 111
448 3357 603 3434 erhalten,
627 3357 688 3420 wol
710 3357 869 3441 angelegt,
894 3355 951 3419 hat
973 3355 1040 3419 sich
1056 3355 1118 3418 mit
1135 3355 1279 3440 Kdnigen

132 3464 195 3527 und
222 3463 410 3528 Potentaten
434 3462 649 3526 allentbalben
672 3463 871 3539 verbunden,
905 3484 937 3525 es
971 3461 1029 3524 hat
1056 3461 1102 3524 im
1125 3460 1179 3524 ein
1202 3459 1280 3524 ieder

131 3567 246 3632 hofiert
268 3569 332 3631 und
356 3567 608 3652 geschmeichlet.
655 3567 727 3631 Und
760 3591 809 3633 wa
838 3591 871 3632 er
902 3571 986 3632 etwa
1011 3569 1183 3652 ge'angstet
1203 3565 1279 3640 wirt,

132 3695 165 3737 so
188 3673 244 3737 hat
267 3694 301 3736 er
324 3672 468 3737 dannoch
492 3674 559 3736 sein
593 3674 695 3737 schaff
724 3674 902 3738 dermassen
938 3671 1131 3757 geschoren,
1167 3671 1223 3734 das
1252 3688 1280 3732 er

132 3776 287 3840 verhoffet
316 3776 595 3855 durchzrlbeissen,
627 3801 662 3842 su
692 3779 770 3863 lang
800 3801 835 3842 er
864 3783 974 3841 mlintz
1002 3779 1189 3841 zdzdsetzen
1219 3775 1278 3840 bat

132 3881 172 3944 So
195 3882 239 3945 vil
262 3883 316 3946 das
338 3879 478 3968 ktnfftig
500 3884 592 3947 leben
614 3884 760 3968 angehet,
785 3883 918 3947 dencket
933 3904 976 3960 er,
1001 3881 1059 3944 wic
1071 3880 1188 3965 jhener
1202 3880 1277 3964 sagt,

132 3987 289 4050 entweder
312 4010 344 4050 es
367 3988 412 4051 sei
434 3990 509 4053 kein
526 3989 597 4067 Got,
622 3990 695 4053 oder
719 3989 763 4053 sei
787 3990 883 4067 einer,
908 4010 943 4053 so
967 3981 1138 4051 belrfimere
1160 4007 1194 4050 er
1217 3982 1277 4049 sich

132 4093 211 4156 doch
233 4093 282 4156 nit
305 4093 381 4157 umb
405 4095 618 4159 menschliche
640 4095 726 4180 ding.
774 4093 867 4158 Denn
890 4115 922 4157 es
945 4094 988 4156 ist
1011 4092 1062 4155 nit
1084 4112 1120 4155 so
1143 4112 1202 4176 gar
1224 4088 1277 4154 sel·

132 4200 214 4261 tzam
236 4200 275 4261 ab
296 4198 406 4275 hbren,
432 4200 486 4263 das
509 4200 589 4264 noch
613 4200 740 4283 heutigs
763 4183 845 4283 tags'
859 4183 901 4261 im
923 4195 1139 4261 Christlichen
1161 4191 1277 4260 benirclr

133 4303 176 4383 (ja
192 4303 321 4366 vileicht
336 4308 373 4367 111
391 4303 488 4389 Rom)
511 4304 625 4367 etlich'e
647 4304 692 4367 vil
716 4304 771 4367 der
787 4303 1011 4367 Heidnischen·
1025 4301 1182 4386 meinung
1204 4297 1275 4374 sind,

132 4410 187 4473 das
211 4409 282 4472 kein
308 4408 371 4472 Gor
394 4409 447 4471 sei.
479 4408 569 4472 Wolt
592 4431 623 4472 es
645 4430 724 4493 geru
747 4409 882 4493 gelogen
905 4407 1019 4486 haben,
1042 4406 1120 4472 aber
1142 4407 1172 4472 ir
1194 4405 1274 4471 leben
