2850 5018
682 308 744 372 236

146 480 252 544 citare.
284 479 348 546 Vos
371 480 430 559 illi,
454 481 509 564 qui
532 502 621 566 reges
642 481 762 565 pariter
783 503 912 559 omnes,
937 481 991 565 qui
1014 480 1166 546 Oae'sarem
1190 481 1295 566 ipsum

137 585 232 649 variis
249 586 371 651 artibus
383 590 415 651 et
427 586 557 671 tragicis
569 586 663 669 plane
674 587 801 650 vocibus
817 586 857 650 ad
869 586 933 651 vim
947 589 979 650 et
991 609 1078 650 arma
1090 587 1166 650 estis
1179 586 1291 651 cohor-

139 690 209 755 tati.
247 690 290 755 Et
305 713 389 755 nunc
404 690 533 768 scilicet,
557 690 682 773 quando
699 689 838 754 mirabili
851 689 910 755 Dei
925 691 1057 756 consilio
1073 691 1234 756 modicum
1257 693 1290 755 in

138 796 234 860 armis
250 797 430 879 praesidium
445 819 512 861 esse
528 797 649 874 ridetis,
668 797 793 880 quando
810 797 948 861 rationes
964 801 1079 862 vestrae
1094 799 1291 880 consumptae

138 905 214 965 sunt
236 923 354 980 onmes,
378 903 504 984 quando
527 901 693 986 patefactae
717 906 793 966 sunt
811 907 894 968 artes
910 908 1006 987 atque
1021 902 1153 980 technae,
1177 903 1289 986 singu-

136 1006 198 1070 lari
221 1008 356 1090 quadam
377 1008 428 1071 usi
450 1007 666 1093 benignitate,
702 1008 910 1091 permittitis,
944 1030 1051 1072 rerum
1074 1007 1219 1087 domini,
1255 1011 1291 1072 ut

136 1113 262 1177 ineatur
284 1113 391 1197 aliqua
413 1115 498 1198 pacis
522 1114 613 1178 ratio.
660 1112 906 1193 Verumtamen,
929 1114 985 1179 ubi
1008 1117 1082 1178 suut
1104 1112 1161 1178 illa
1183 1116 1292 1177 vestra

137 1217 259 1300 capita,
294 1240 428 1301 quorum
461 1218 713 1283 emendationem
745 1217 829 1283 ferre
857 1218 1017 1302 potestis?
1062 1217 1151 1282 Num
1182 1218 1290 1282 eadem

139 1322 196 1386 illa
218 1327 310 1403 sunt,
345 1345 415 1407 quae
443 1346 543 1408 nuper
567 1326 601 1387 in
625 1324 681 1389 illo
704 1327 808 1388 vestro
828 1321 971 1410 jossculari
995 1322 1191 1388 Vincentino
1215 1345 1289 1391 con·

135 1425 211 1491 'cilio
233 1429 466 1513 proposuistis?
512 1429 557 1493 At
591 1429 821 1514 qualiacunque
855 1430 921 1493 sint
952 1429 1026 1508 illa,
1058 1429 1141 1493 nulli
1171 1432 1289 1506 tamen,

139 1531 202 1594 nisi
227 1532 282 1614 qui
304 1532 454 1597 voluisset
476 1533 651 1616 periculum
682 1533 777 1610 adire,
807 1534 1021 1617 superioribus
1044 1533 1169 1616 aliquot
1198 1535 1287 1599 annis

137 1636 273 1701 liberum
295 1637 417 1731 fuisset,
441 1661 550 1703 eorum
572 1639 655 1723 apud
679 1661 734 1703 vos
757 1639 946 1705 meminisse.
978 1639 1099 1725 Negari
1116 1639 1205 1704 enim
1226 1661 1286 1702 non

137 1745 263 1825 potest,
297 1742 399 1808 multa
421 1766 475 1808 vos
498 1744 608 1808 fecisse
630 1744 819 1822 crudeliter,
854 1768 894 1809 ne
925 1747 1000 1829 quid
1030 1747 1161 1810 omnino
1195 1745 1288 1810 vestri

137 1847 330 1929 splendoris,
365 1850 457 1938 lusus
489 1853 522 1913 et
545 1850 604 1913 otii
626 1850 753 1933 periret.
800 1849 833 1915 Si
855 1872 940 1916 nunc
962 1850 1019 1915 illa
1041 1850 1158 1934 cupitis
1182 1872 1286 1914 emen·

136 1951 226 2029 dare,
250 1953 362 2017 saltem
383 1953 479 2018 fateri
502 1977 556 2018 vos
580 1955 757 2038 oportebit,
780 1955 991 2039 injustissima
1012 1976 1088 2019 nece
1112 1955 1287 2038 complures

4 2111 8 2117 ,
136 2056 266 2121 euobis
288 2061 381 2122 antea
403 2058 500 2122 fuisse
523 2058 707 2123 trucidatos.
752 2059 872 2125 Verum
896 2059 963 2124 baec
982 2060 1053 2146 ipsa
1074 2060 1190 2142 capita,
1219 2082 1286 2143 quae

141 2167 172 2226 ct
195 2166 271 2227 tunc
295 2162 328 2225 in
350 2163 489 2227 medium
513 2163 666 2228 attulistis
689 2165 779 2248 quasi
802 2165 997 2250 corrigenda,
1020 2167 1053 2229 et
1070 2185 1166 2242 nunc,
1191 2169 1226 2229 ut
1241 2168 1286 2228 est

704 2336 722 2376 ’t‘

136 2478 215 2543 habt
238 2478 299 2543 alle
321 2477 513 2542 Potentaten
537 2478 743 2563 angentindet,
768 2478 801 2543 lr
823 2478 901 2543 habt
923 2477 1283 2565 KeiserlicheMajestat,

136 2605 206 2647 zum
230 2582 364 2648 schwert
387 2583 452 2647 und
474 2587 512 2648 nd
535 2583 589 2648 der
612 2585 684 2648 that
705 2588 742 2649 art
758 2584 903 2670 greiffen,
927 2583 976 2647 nit
992 2583 1109 2648 einmal
1124 2587 1283 2668 gereitzet,

135 2689 201 2753 und
225 2689 285 2753 ietz
307 2688 399 2754 dweil
421 2711 454 2753 es
484 2689 562 2754 euch
594 2711 634 2754 an
659 2691 730 2772 [59]
762 2711 883 2754 eweren
917 2688 1109 2774 anschlegen
1141 2693 1282 2756 wuuder·

136 2794 259 2861 barlicb
281 2796 368 2874 salet,
393 2797 548 2881 bewilligt
571 2797 600 2860 ir
615 2817 670 2860 aus
686 2796 822 2882 gnaden,
842 2800 939 2859 etwas
954 2795 1192 2861 nachzdlassen.
1225 2795 1282 2860 Wo

135 2900 206 2965 sind
223 2923 321 2965 ewere
338 2901 492 2979 Artickel,
516 2901 566 2966 die
581 2903 610 2966 ir
625 2903 783 2984 gemeinet
798 2901 870 2966 sind
884 2901 1072 2966 reformiren
1096 2907 1136 2967 ztl
1159 2903 1279 2968 lassent

134 3002 228 3070 Sinds
251 3005 341 3071 nicht
364 3007 414 3070 die
436 3006 521 3070 selbo
544 3007 595 3071 die
617 3006 645 3070 ir
667 3029 724 3071 vor
747 3007 853 3091 wcnig
871 3006 962 3089 jaren
977 3006 1022 3068 im
1038 3005 1279 3090 phariseischen,

133 3110 199 3174 und
222 3114 291 3175 zaim
316 3116 387 3195 spot
410 3109 611 3195 atgerichteu
636 3108 900 3175 Vincentuischen
924 3108 1063 3187 Conciti,
1095 3111 1278 3195 angostellet

134 3212 259 3279 haben?
303 3215 376 3279 Wie
399 3238 442 3278 nu
465 3214 600 3278 disselbe
623 3213 766 3309 hrtiokel
790 3215 858 3279 sein
881 3221 1015 3299 mbgen,
1048 3215 1188 3280 welcher
1210 3217 1278 3280 den·

134 3321 215 3385 nach
238 3342 299 3385 von
323 3345 353 3388 x.
377 3322 452 3386 oder
475 3320 528 3404 xij.
550 3322 651 3404 jarcn,
676 3321 779 3385 dauon
802 3321 912 3405 geredt
933 3320 1009 3397 hat,
1033 3319 1104 3384 dam
1130 3321 1238 3386 uisset
1257 3321 1278 3383 ir

134 3427 184 3490 die
207 3427 321 3509 sprach
350 3448 408 3512 gar
431 3426 497 3490 fein
520 3425 585 3489 und
608 3426 742 3510 subtilig
765 3425 989 3511 niderzblegen
1012 3426 1076 3489 und
1101 3430 1142 3491 an
1165 3426 1278 3491 verbio·

134 3532 209 3609 ten,
245 3531 305 3594 wie
336 3554 409 3595 man
439 3530 519 3595 euch
541 3530 594 3594 des
617 3524 815 3614 bberzeugen
837 3530 911 3594 han.
956 3528 1101 3594 wollent
1123 3531 1153 3594 ir
1170 3531 1221 3596 sic
1242 3551 1277 3596 nu

133 3635 345 3713 Reformiren,
370 3658 404 3700 so
422 3657 497 3699 mus
519 3658 593 3699 man
617 3634 696 3700 euch
719 3635 881 3720 gewislich
903 3656 960 3699 vor
976 3633 1081 3700 (laims
1104 3636 1278 3720 geschlccht

133 3740 251 3805 halten.
283 3741 337 3806 Nu
357 3742 427 3805 sind
451 3741 496 3805 sie
519 3741 593 3805 aber
616 3741 667 3805 die
688 3741 852 3826 geringste
875 3741 975 3805 under
998 3739 1092 3818 allen,
1117 3741 1185 3807 und
1208 3739 1275 3806 euch

133 3867 185 3908 am
207 3846 415 3912 leidlichsten.
452 3846 485 3910 Ir
507 3846 655 3911 stchents
679 3847 729 3910 nit
751 3845 931 3931 grundlich,
952 3845 1018 3909 und
1041 3846 1085 3910 ist
1107 3869 1209 3912 ewere
1223 3847 1275 3911 Re

132 3948 304 4014 formation
328 3973 388 4014 nur
412 3951 462 4013 ein
479 3951 664 4035 binderspil.
696 3951 761 4015 Der
776 3951 880 4036 grand
896 3951 971 4014 aber
993 3951 1046 4028 ist,
1070 3950 1127 4014 das
1150 3952 1180 4015 ir
1203 3952 1274 4016 allen

129 4056 241 4139 jamer,
266 4056 437 4120 derhalben
461 4078 534 4120 man
557 4056 685 4141 heutigs
707 4060 779 4141 tage
802 4057 867 4120 also
885 4050 1037 4119 bembhet
1053 4055 1106 4133 ist,
1131 4057 1276 4141 gestifftet

132 4159 229 4236 habt,
256 4159 311 4223 das
344 4182 418 4223 man
452 4160 519 4225 sich
551 4161 601 4225 nit
634 4161 730 4226 allein
755 4161 845 4225 nichs
869 4164 944 4247 gaes
967 4163 1006 4224 m
1030 4161 1110 4226 euch
1133 4161 1273 4226 versehen

131 4264 205 4341 kan,
229 4265 343 4329 sunder
366 4266 446 4330 auch
476 4288 516 4330 an
546 4267 623 4330 euch
656 4265 870 4331 vcrzweifelen
903 4268 982 4330 mds.
1030 4265 1121 4329 Habt
1153 4267 1183 4330 ir
1211 4266 1274 4331 abor

132 4369 192 4432 mit
206 4369 401 4453 obgemelter
417 4369 676 4436 Vincentaischer
691 4370 922 4450 Relormation,
947 4370 997 4434 nit
1012 4370 1097 4435 selbs
1113 4371 1272 4457 gespottet,
