2850 5018
685 321 749 386 144

139 493 277 559 Maxime
299 495 423 560 servilia
447 499 479 560 et
502 495 714 580 ignominiosa
743 497 810 561 vita
839 497 921 575 fuit,
956 519 1051 580 quam
1081 497 1140 563 suh
1160 498 1166 580 Ι
1186 499 1296 582 ponti-

66 630 70 637 ·
138 599 234 665 ficatu
258 601 411 680 Romano,
435 600 494 664 suh
516 601 647 665 domina
669 601 834 666 meretrice
856 602 1003 665 viximua
1048 601 1108 666 Ille
1129 626 1206 668 vero
1231 626 1295 670 non

138 707 288 770 tractavit
303 729 384 783 noe,
412 710 448 770 ut
470 728 559 770 erum
584 706 746 770 liberalem
769 710 801 770 et
823 708 1021 771 moderatum
1044 706 1149 784 decet,
1184 731 1296 774 verum

139 810 245 876 affecit
267 833 325 876 nos
348 813 451 877 omnis
473 812 599 897 generis
621 813 824 890 contumelia,
849 815 881 875 et
903 833 999 876 onera
1020 812 1113 876 nobie
1129 813 1294 898 imposuit,

139 917 368 1000 qualiacunque
392 917 503 996 voluit,
526 939 591 980 non
607 939 695 981 aecus
712 922 807 1000 atque
822 918 926 981 brutia
942 916 1170 982 animantibus.
1202 917 1292 982 Nihil

139 1023 238 1087 movit
261 1044 332 1086 eum
356 1025 464 1086 nostra
486 1027 555 1086 tum
571 1022 698 1086 inscitia
713 1026 783 1086 tum
799 1022 936 1099 miseria,
960 1022 1012 1085 sed
1028 1042 1091 1104 quo
1107 1023 1291 1088 crassiorem

139 1128 173 1191 in
196 1128 288 1192 nobis
311 1128 548 1212 ignorationem
572 1128 787 1210 deprehendit,
817 1149 853 1190 eo
875 1129 1028 1211 majorem
1050 1127 1113 1191 sibi
1136 1132 1291 1210 quaestum

137 1254 233 1296 ausus
256 1237 302 1297 est
324 1233 475 1316 polliceri.
521 1230 613 1308 Jam,
645 1252 707 1314 quo
739 1234 881 1314 tempore
905 1230 1169 1295 nundinationem
1192 1231 1293 1311 illam,

137 1338 227 1420 cujus
250 1342 345 1403 antea
367 1337 589 1414 meminimus,
623 1358 680 1421 per
711 1336 795 1400 hunc
825 1340 966 1400 nostrum
1000 1335 1109 1400 orbem
1140 1336 1291 1416 instituit,

139 1464 264 1507 necesse
279 1435 352 1522 est,
375 1443 479 1527 ipsum
501 1446 557 1507 aut
579 1442 662 1507 idem
686 1447 832 1527 putasae,
856 1442 939 1525 quod
962 1442 1087 1506 miseria
1108 1442 1292 1507 hominibus

139 1549 369 1632 persuadebat,
403 1549 536 1632 probam
567 1570 633 1612 esse
662 1548 807 1613 videlicet
839 1547 921 1612 hanc
943 1568 1079 1611 mercem
1103 1550 1136 1610 et
1159 1548 1290 1613 minime

140 1654 291 1733 fucatam,
315 1657 370 1718 aut
393 1675 457 1718 non
481 1654 659 1739 ignorasse,
693 1653 836 1718 fraudem
859 1654 893 1718 in
917 1676 953 1719 ea
975 1653 1148 1719 maximam
1172 1674 1240 1719 esse
1261 1659 1292 1719 11

140 1759 397 1824 ludificationem.
443 1760 643 1825 Alterutrum
668 1764 705 1824 ut
734 1761 849 1845 eligat,
879 1764 1014 1845 oportet.
1059 1757 1095 1824 Si
1118 1759 1202 1823 aerio
1225 1781 1292 1824 rem

139 1863 206 1950 egit
229 1867 261 1928 et
283 1886 321 1928 ex
344 1864 473 1942 anima,
509 1865 672 1929 latendum
702 1865 784 1944 erit,
819 1865 923 1948 ipsum
953 1886 1020 1928 ease
1051 1885 1122 1928 vere
1146 1865 1291 1930 nativum

138 1969 384 2048 Antichristum,
407 1970 495 2053 cujus
519 1970 706 2035 auctoritate
730 1974 761 2033 et
779 1971 869 2052 juaau
892 1974 1028 2032 restam
1043 1972 1137 2032 taetra
1152 1969 1290 2053 primum

139 2080 187 2141 111
210 2075 398 2160 excogitata.
444 2073 501 2140 Sin
524 2079 631 2140 autem
654 2075 763 2139 ludum
785 2096 851 2138 ease
873 2075 998 2159 putavit
1020 2075 1106 2158 ipse,
1135 2075 1221 2158 quod
1243 2080 1291 2139 est

137 2181 351 2258 verisimilius,
376 2183 550 2265 tyrannum
574 2184 610 2243 ut
632 2179 827 2266 appellemus
850 2201 938 2257 eum,
962 2182 1105 2264 oportet,
1136 2181 1289 2259 omnium,

705 2303 723 2338 ’11

136 2393 204 2458 eins
223 2391 317 2476 jeden
341 2389 471 2475 alichtig
493 2391 585 2455 erbar
608 2384 727 2475 gemirt.

225 2496 337 2562 Solche
360 2496 423 2560 leib
446 2497 511 2559 und
533 2496 690 2582 seeleigen
713 2496 783 2560 sind
800 2496 858 2559 wir
875 2494 955 2559 auch
971 2495 1071 2559 under
1087 2495 1158 2559 dem
1172 2493 1287 2579 Bapst·

98 2636 101 2641 ·
136 2603 250 2669 thumh
273 2623 425 2688 geweaen.
472 2599 514 2664 Es
545 2601 603 2666 hat
630 2603 705 2665 aber
729 2601 783 2664 der
806 2599 907 2683 Bapst
929 2599 979 2663 nit
1000 2601 1061 2664 mit
1084 2622 1145 2664 une
1167 2602 1288 2686 gehan-

136 2709 222 2788 delt,
256 2707 315 2772 wia
337 2706 439 2770 einem
463 2705 634 2792 zdchtigen
664 2706 797 2770 erbaren
827 2727 926 2770 maun
955 2705 1116 2783 zustehet,
1151 2706 1288 2771 sondern

136 2814 220 2880 allen
243 2811 421 2878 miltwillen
444 2832 546 2898 gagen
570 2834 629 2877 uns
660 2812 875 2897 gebrauchet,
907 2811 971 2874 und
1005 2833 1066 2874 uns
1099 2811 1149 2875 nit
1177 2814 1288 2877 andere

135 2920 238 2985 weder
258 2919 346 2985 aeine
368 2916 459 3003 pferd
482 2917 547 2980 und
576 2916 745 2994 maulesel,
780 2918 855 2981 oder
885 2915 1000 2979 andere
1028 2916 1289 3001 unverniinfftige

136 3026 221 3090 thiar
244 3025 276 3088 in
301 3024 362 3088 den
383 3024 498 3087 karren
523 3025 709 3106 gespannet,
734 3021 777 3084 im
801 3020 930 3104 allerley
947 3019 1051 3083 dienst
1071 3019 1151 3085 nach
1169 3021 1288 3085 scinem

136 3129 273 3216 gafallen
292 3133 331 3194 ad
346 3129 467 3193 leioten.
500 3126 567 3191 Hat
582 3126 650 3190 sich
673 3148 767 3190 unser
790 3124 1002 3189 schwachheit
1025 3126 1089 3189 und
1112 3125 1287 3192 unwiasen-

134 3235 202 3300 heit
224 3257 281 3320 gar
305 3235 354 3299 nit
377 3235 544 3309 erbarmet,
568 3231 681 3296 sonder
703 3232 812 3296 seinen
829 3230 964 3294 vortheil
988 3229 1053 3293 und
1076 3235 1152 3295 nuta
1175 3230 1287 3296 daraua

135 3341 336 3426 geachdpffet.
376 3337 450 3403 Und
473 3338 520 3402 als
542 3359 575 3402 er
598 3337 775 3422 obgemelte
797 3335 1075 3401 kauffmanschafft
1095 3337 1130 3400 in
1146 3337 1199 3402 die
1213 3337 1288 3403 welt

135 3445 353 3524 auasohiclret,
389 3445 445 3509 hat
477 3466 525 3509 ers
558 3444 714 3508 entweder
737 3443 788 3507 fiir
811 3446 888 3528 gdte
912 3442 999 3507 wahr
1022 3441 1192 3527 gehalten,
1225 3441 1289 3506 und

135 3550 290 3615 ernstlich
305 3550 473 3636 gemeinet,
490 3551 565 3613 oder
580 3549 637 3613 hat
652 3550 735 3613 solbs
752 3550 852 3613 demit
868 3553 1037 3634 gespottet.
1072 3547 1206 3613 Hatera
1222 3570 1288 3612 nun

134 3657 288 3722 ernstlich
310 3658 477 3742 gemeinet,
501 3678 536 3720 so
559 3677 629 3720 mua
652 3677 686 3719 er
709 3656 763 3719 der
783 3656 872 3720 recht
887 3653 1061 3718 Endchrist
1082 3655 1161 3732 sein,
1187 3653 1286 3718 under

134 3762 280 3827 walchem
305 3762 427 3826 aolcher
450 3761 565 3845 grewel
597 3760 787 3824 entatanden
816 3760 867 3823 iat.
914 3758 981 3824 Hat
1012 3780 1047 3822 er
1080 3758 1156 3823 aber
1188 3758 1287 3823 damit

135 3870 297 3952 geapottet
320 3866 392 3950 (wie
416 3888 448 3930 ea
471 3868 556 3931 daim
578 3866 741 3951 glaublich
765 3866 820 3951 iat)
844 3888 878 3930 so
894 3872 964 3930 (11111
981 3887 1015 3930 11
1027 3865 1061 3948 ja
1077 3865 1132 3929 dor
1147 3844 1287 3949 grdaheat

134 3971 264 4056 Tyrann
288 3972 365 4049 sein,
390 3972 444 4035 der
468 3972 496 4036 ie
520 3971 588 4036 auff
607 3972 702 4036 erden
725 3992 868 4056 gewesen
891 3971 949 4050 ist,
984 3968 1144 4046 n'amlich,
1177 3969 1233 4033 das
1255 3990 1287 4032 er

133 4099 204 4155 uns,
227 4077 313 4141 aeine
328 4099 415 4141 arme
427 4078 490 4142 leib
506 4078 571 4141 und
587 4078 755 4163 seeleigen,
778 4078 828 4140 nit
844 4076 939 4141 allein
955 4077 989 4139 in
1005 4075 1088 4139 diser
1104 4074 1285 4140 1111111111(-
1330 4163 1332 4168 Ι

134 4181 237 4247 lichen
267 4182 495 4246 unwisaenheit
529 4184 693 4269 gelassen,
727 4183 793 4248 und
815 4185 881 4247 sich
905 4203 1015 4246 unsara
1038 4180 1160 4245 ellends
1183 4180 1284 4245 nichtr

133 4290 312 4366 erbarmet,
341 4286 456 4356 sonder
477 4287 558 4352 auch
581 4289 636 4352 das
658 4310 693 4352 er
713 4287 855 4351 daneben
878 4308 973 4350 unser
998 4285 1068 4350 blht
1091 4286 1156 4350 und
1180 4283 1283 4350 marck

133 4413 350 4480 auagaaogen,
385 4391 440 4456 (111
471 4392 537 4469 iat,
571 4413 685 4456 unsere
706 4391 819 4457 kasten
841 4390 1008 4476 ausgefegt
1030 4390 1097 4456 hat.
1141 4389 1281 4457 Darumb
