2850 5018
678 350 741 415 120

135 527 239 604 turba,
263 525 316 590 sed
339 529 372 590 et
394 524 483 602 illud,
506 527 543 588 ut
558 509 773 590 'excludantur
796 547 813 589 e
835 525 951 591 scholis
967 525 1092 592 Erasini
1108 525 1284 612 Colloquia,

135 654 237 715 neque
259 629 419 694 iuventuti
442 628 647 712 permittatur
669 651 778 693 eorum
800 630 902 695 lectio.
951 632 1032 709 Quid
1063 653 1153 710 vero,
1180 654 1286 697 nonne

133 736 322 821 praeclarum
346 734 429 798 istud
453 739 500 798 est
524 734 783 819 auspicatumque
806 737 1022 819 prooemium?

219 841 261 905 Et
285 840 352 905 haec
374 839 499 922 quidem
521 842 588 903 tam
611 861 675 903 non
698 840 787 924 parvi
818 842 987 918 momenti,
1023 863 1097 920 vos,
1130 845 1164 906 et
1186 864 1286 922 senes,

133 950 165 1012 et
188 946 272 1011 docti
294 944 449 1022 homines,
473 966 637 1009 asumma
660 947 809 1030 pontifice
832 947 960 1024 delecti,
988 947 1230 1027 constituistis,=
1255 952 1286 1014 et

133 1050 343 1116 constituistis
366 1054 570 1133 posteaquam
592 1049 647 1113 ille
668 1038 732 1115 vos'
742 1052 948 1135 jurejurando
970 1052 1222 1132 constrinxerat,
1247 1075 1287 1118 ne

133 1157 208 1241 quid
243 1155 372 1220 omnino
407 1154 647 1219 dissimularetis
681 1176 788 1218 eorum
823 1156 983 1235 omnium,
1022 1178 1092 1240 quae
1125 1157 1233 1235 vobis,
1267 1182 1287 1223 a

132 1262 234 1326 multa
256 1264 288 1325 et
310 1257 401 1344 gravi
424 1258 666 1335 consultatione,
691 1259 872 1323 viderentur
895 1281 961 1324 esse
983 1261 1162 1326 necessario
1176 1283 1280 1326 emen·

132 1366 245 1431 danda.
298 1363 377 1428 Post
409 1363 492 1427 hanc
525 1367 661 1427 vestram
697 1364 774 1428 adeo
807 1364 978 1429 salutarem
1008 1370 1041 1430 et
1071 1367 1225 1432 doctrinae
1254 1371 1285 1430 et

133 1470 307 1554 disciplina
322 1469 539 1535 ecclesiastieae
554 1472 586 1532 et
601 1489 725 1532 morum
741 1471 977 1549 correctionem,
1000 1470 1094 1535 factae
1109 1476 1188 1536 sunt
1202 1471 1286 1535 inter

133 1577 288 1642 Caesarem
311 1580 342 1640 et
365 1573 478 1638 Galliae
501 1594 617 1658 regem,
641 1573 724 1657 apud
746 1572 897 1652 Nicaeam,
922 1575 1028 1639 decem
1051 1597 1211 1640 annorum
1235 1576 1285 1639 in·

134 1682 239 1759 dutiae,
264 1701 325 1764 quo
348 1683 498 1763 tempore,
523 1700 594 1742 cum
617 1679 812 1758 crederetur,
843 1679 923 1744 iliud
946 1703 964 1744 a
987 1680 1077 1744 vobis
1100 1681 1287 1746 inchoatum

135 1786 303 1851 concilium
336 1806 427 1868 posse
467 1783 576 1866 perfici
609 1787 738 1868 propter
768 1785 1058 1850 reconciliationem
1090 1787 1285 1871 principum,

134 1914 203 1957 ecoe
226 1912 378 1975 magnum
401 1894 432 1952 et
454 1889 651 1972 insperatum
675 1889 847 1953 silentium.
894 1890 1043 1955 Pontifex
1073 1892 1177 1970 enim,
1214 1896 1286 1956 tan-

133 2020 228 2082 quam
251 1997 336 2081 pacis
361 1999 393 2060 et
407 1994 602 2058 indutiarum
619 1998 738 2072 auctor,
762 1996 897 2060 Romam
913 1996 1115 2080 triumphans
1130 1997 1287 2076 invectus,

133 2102 292 2168 continuit
314 2123 356 2178 se,
381 2122 498 2184 perque
520 2103 624 2163 totum
648 2101 908 2184 quadriennium,
941 2102 974 2164 in
998 2102 1156 2166 altissima
1178 2103 1286 2186 quiete

133 2212 165 2273 et
188 2209 272 2286 otio,
308 2208 345 2271 de
367 2205 500 2270 concilio
532 2228 571 2270 ne
594 2205 725 2269 verbum
756 2207 883 2289 quidem
913 2229 1011 2270 unum
1048 2206 1194 2291 publice,
1231 2208 1286 2272 sed

133 2335 240 2378 recens
272 2317 346 2378 ante
375 2311 560 2388 biennium,
595 2315 688 2375 eunte
720 2311 818 2395 [liiij]
850 2312 975 2397 magnis
997 2312 1118 2376 viribus
1142 2313 1177 2377 in
1201 2313 1285 2377 Tur·

133 2442 201 2484 cam
225 2416 412 2495 Germania,
444 2419 601 2481 crescente
630 2415 698 2498 jam
720 2420 751 2480 et
777 2439 841 2481 non
868 2417 970 2482 multo
996 2421 1071 2500 post
1100 2421 1288 2502 erumpente

132 2547 213 2590 novo
236 2525 319 2588 bello
342 2524 427 2588 inter
448 2521 601 2587 Caesarem
626 2521 799 2607 Galliaeque
821 2545 947 2609 regem,
982 2525 1085 2588 denuo
1114 2521 1287 2589 concilium

697 2661 716 2702 ια

135 2771 206 2855 [70]
231 2773 360 2855 excepte'
375 2792 435 2854 que
450 2770 566 2834 devant
581 2769 661 2833 deux
677 2791 734 2832 ans
751 2770 981 2835 demierement
996 2792 1114 2853 possea,
1140 2770 1288 2836 dereohef

133 2875 158 2939 il
180 2875 308 2960 assigna
322 2876 352 2940 16
368 2874 495 2939 Concile
511 2876 530 2938 a
545 2874 673 2951 Treuta,
696 2895 736 2937 au
759 2876 861 2958 temps
884 2896 944 2958 que
966 2873 1168 2961 l'Alemagne
1191 2877 1284 2942 alloit

133 3001 284 3063 aveeques
307 2982 443 3066 grandes
466 2980 565 3045 forces
589 2981 608 3043 a
630 2979 802 3044 l'enoontre
817 2980 859 3044 du
875 2981 974 3045 Ture:
998 2985 1030 3044 et
1046 3003 1107 3065 que
1122 2980 1155 3046 la
1170 3003 1285 3068 guerre

132 3085 354 3150 s‘euflammoit
375 3087 413 3150 de
435 3106 577 3150 nouveau
600 3087 689 3148 entre
707 3082 905 3168 l'Empereur
919 3088 950 3148 et
965 3085 995 3150 le
1011 3087 1082 3172 Roy
1097 3088 1136 3152 de
1151 3086 1282 3153 Franco.

698 3222 717 3262 ¹11

135 3330 230 3412 [188]
253 3329 333 3394 Pero
356 3351 453 3414 agore
474 3329 513 3393 de
535 3351 636 3394 nuevo
652 3350 728 3393 arra
743 3350 820 3412 poco
832 3351 900 3393 mas
915 3329 953 3394 de
969 3331 1025 3394 dos
1040 3338 1128 3410 arios,
1152 3334 1285 3398 astando

131 3435 207 3499 toda
228 3434 396 3499 Alemauia
418 3458 455 3499 en
481 3456 584 3500 armas
608 3437 719 3498 contra
740 3434 769 3497 el
792 3433 905 3511 Turoo,
929 3435 1092 3500 crecieudo
1115 3460 1177 3521 ya,
1201 3461 1224 3522 y
1244 3460 1285 3503 no

132 3539 246 3604 mucho
270 3540 400 3623 despues
422 3539 656 3623 rompiendosee
679 3561 781 3604 nuova
804 3561 919 3623 guerra
941 3546 1030 3605 entre
1045 3541 1075 3605 el
1090 3541 1286 3626 Emperador

131 3646 206 3732 yel
229 3668 284 3731 rey
308 3647 345 3711 de
366 3645 517 3722 Francia,
552 3645 592 3709 he
614 3668 649 3709 os
671 3645 702 3709 1ο
725 3646 799 3727 aqui
828 3645 930 3710 dond'e
961 3667 1098 3711 convoca
1129 3651 1202 3711 otra
1232 3669 1287 3710 vcz

698 3782 717 3823 ιιι

132 3911 215 3974 mag.
262 3888 368 3953 Wenn
392 3889 444 3952 ihr
466 3888 561 3952 allein
593 3888 647 3951 das
677 3890 805 3953 wdrtlin
829 3889 1048 3954 Reformation
1081 3890 1219 3970 hiirent,
1252 3913 1286 3956 60

132 3989 324 4076 iuberkompt
346 3993 397 4056 ihr
420 3993 586 4078 gewisslich
610 3992 661 4056 ein
685 3993 790 4072 seber,
814 4015 847 4058 66
870 3994 964 4079 gehet
987 3993 1066 4059 euch
1089 3997 1139 4059 nit
1162 3996 1223 4060 wol
1246 3999 1286 4065 zi

132 4099 247 4176 ohren,
271 4097 336 4162 und
359 4099 533 4182 geriencket
556 4097 737 4176 onzweifel,
769 4098 836 4163 Hat
859 4122 933 4163 man
955 4122 1012 4164 vor
1034 4100 1175 4165 hundert
1194 4102 1285 4186 jaren

130 4204 192 4288 bey
214 4203 325 4268 Keiser
347 4202 523 4288 Sigmuud,
556 4226 615 4268 uns
649 4203 761 4269 wdlleu
792 4205 991 4270 Reformiren
1023 4205 1089 4269 und
1122 4206 1285 4285 meistern,

132 4330 196 4372 was
219 4308 317 4371 sollen
341 4307 399 4371 wir
420 4311 492 4391 ycta
515 4306 575 4371 wol
598 4302 725 4373 missen
747 4311 929 4374 erwarten?
974 4309 1016 4374 Es
1039 4310 1082 4374 ist
1104 4310 1229 4391 besser,
1254 4333 1285 4376 66

132 4412 218 4477 bleib
240 4413 316 4490 alac,
339 4413 398 4477 wie
420 4413 474 4478 biss
497 4411 640 4496 anher.†
