2850 5018
682 383 744 444 227

132 553 221 636 quod
244 553 324 634 dico,
350 558 381 619 et
404 558 557 638 optarem,
578 555 650 639 jure
673 577 723 618 me
739 577 830 640 posse
848 556 1004 620 mendacii
1019 557 1208 637 insimulari,
1233 561 1286 624 sed

132 660 278 742 prolecto
301 661 347 725 sic
370 661 514 745 plerique
534 661 656 739 vivunt,
680 665 716 726 ut
739 662 880 746 ipsorum
904 664 1043 728 actiones
1067 669 1161 748 atque
1184 685 1287 728 mores

133 765 344 848 comprobare
366 765 543 844 videantur,
568 765 651 848 quod
674 766 751 831 dico.
798 765 866 831 Aut
888 767 916 830 si
938 768 981 832 sit
1003 766 1105 847 Deus,
1130 773 1162 835 et
1185 769 1286 833 nostri

133 891 242 935 curam
265 873 366 954 gerat,
391 893 522 956 quaeque
544 870 610 947 sint
618 870 799 976 'hominum
821 871 906 936 facta
929 873 1088 957 dijudicet,
1112 879 1197 940 certe
1220 896 1286 939 cre·

133 974 227 1054 dunt,
250 975 345 1040 facile
367 976 472 1060 ipsum
495 997 585 1058 posse
607 975 728 1059 placari
750 978 908 1041 consuetis
932 978 1102 1044 sacrificiis.

222 1079 335 1163 Atqui,
359 1081 418 1145 sub
441 1081 544 1164 specie
566 1081 732 1165 religionis
755 1103 819 1145 non
844 1083 936 1146 modo
959 1105 1097 1149 summas
1117 1083 1287 1168 acquisivit

134 1205 209 1269 opes
225 1185 388 1250 Romanus
403 1190 570 1270 tyrannus,
595 1188 801 1251 verumetiam
824 1189 899 1252 adeo
915 1187 1018 1253 factus
1034 1194 1083 1254 est
1098 1189 1285 1253 ambitiosus

134 1292 167 1354 et
189 1289 289 1367 ferox,
312 1295 349 1355 nt
371 1291 511 1355 vicinum
535 1290 659 1354 nullum
681 1290 764 1355 ferre
787 1293 886 1376 possit
908 1297 1071 1376 potentem
1100 1293 1285 1377 principem.

135 1392 228 1458 Solus
251 1390 339 1458 enir'n
360 1395 429 1460 vult
452 1395 618 1475 dominari,
641 1417 743 1479 neque
767 1417 883 1461 novum
906 1402 969 1477 est,
993 1399 1100 1464 videre
1121 1404 1287 1484 magnates

135 1498 174 1562 ab
207 1499 277 1583 ipso
309 1500 401 1565 elisos
435 1505 467 1566 et
498 1501 692 1586 profligatos.
738 1500 810 1566 Huc
843 1503 1014 1586 aliqnando
1049 1508 1232 1588 spectarunt
1255 1510 1287 1569 et

136 1603 199 1668 Leo
222 1605 361 1670 decimus
385 1609 418 1669 et
440 1604 602 1685 Clemens,
630 1609 724 1689 etque
747 1606 799 1672 hio
823 1608 965 1691 quidem,
999 1630 1070 1673 curn
1092 1613 1125 1674 te
1147 1613 1285 1693 cuperet,

137 1707 251 1788 Caesar,
274 1711 363 1775 omni
385 1711 521 1794 spoliare
544 1709 647 1792 ltalia,
673 1711 842 1796 diligenter
857 1714 941 1778 cavit
956 1714 990 1777 in
1007 1737 1052 1794 eo,
1077 1716 1160 1800 quod
1176 1719 1287 1780 contra

137 1817 168 1878 te
190 1816 345 1898 suscepit,
374 1814 507 1893 foedere,
530 1819 568 1879 ut
590 1816 686 1880 etiam
709 1816 736 1878 si
759 1816 892 1881 fortasse
916 1818 1088 1903 acciperes,
1120 1842 1198 1903 ques
1221 1821 1288 1904 ipse
1340 1844 1343 1849 ·

139 1940 209 1984 curn
232 1919 297 1984 suis
313 1919 474 1984 foedcratis
491 1923 586 2004 atque
601 1920 694 1985 sociis
710 1921 770 1984 tibi
786 1923 959 2005 proposuit,
983 1923 1069 2006 pacis
1085 1924 1286 1989 condiciones

140 2025 322 2102 acerrimas,
357 2046 397 2088 ne
427 2029 533 2089 tamen
556 2025 590 2088 in
613 2024 741 2090 Italiam
764 2025 829 2089 ullo
853 2030 994 2110 tempore
1017 2029 1190 2107 accederes,
1223 2029 1287 2092 nisi

139 2151 207 2194 cum
231 2132 324 2193 tanta
346 2129 485 2193 militum
510 2152 617 2206 manu,
641 2132 794 2212 quantam
813 2129 881 2213 ipse
897 2131 991 2194 vellet
1007 2153 1043 2196 ac
1057 2134 1284 2216 praescriberet.

140 2234 291 2312 Quaenam
313 2233 380 2298 haec
401 2239 493 2300 tanta
515 2240 562 2298 est
586 2234 645 2317 [V]
669 2234 823 2300 audacia?
867 2235 955 2300 Num
977 2236 1139 2303 Romanus
1164 2239 1285 2323 episco-

137 2361 204 2422 pus,
229 2340 390 2424 quondam
412 2340 517 2405 tenuis
540 2348 572 2407 et
594 2341 818 2424 pauperculus,
849 2341 1007 2406 Caesarum
1038 2343 1150 2408 deinde
1180 2344 1287 2408 muni·

139 2443 266 2510 licentia
288 2445 508 2529 locupletatus,
532 2445 670 2509 excludit
684 2442 830 2524 Caesares
854 2450 949 2529 atque
972 2447 1061 2511 aditu
1082 2447 1231 2531 prohibet
1246 2449 1286 2513 ab

137 2548 240 2627 Italia,
264 2551 369 2633 prisco
393 2553 425 2614 et
446 2572 518 2615 rere
537 2550 646 2615 nativo
662 2549 820 2615 Caesarum
836 2550 1052 2634 patrimonio?
1082 2551 1286 2637 Deploranda

138 2655 263 2738 quidem
287 2659 364 2720 sunt
386 2656 460 2738 ista,
483 2656 537 2720 sed
561 2659 666 2719 tamen
691 2654 772 2718 alius
795 2658 844 2719 est
867 2655 960 2720 hodie
983 2678 1088 2721 rerum
1104 2661 1216 2736 status,
1241 2659 1288 2722 ita

137 2761 260 2826 volente
283 2759 360 2838 Dec,
383 2760 471 2844 cujus
493 2759 680 2844 investigari
702 2760 834 2824 consilia
856 2782 920 2824 non
944 2765 1086 2845 possunt.
1118 2762 1161 2826 Et
1184 2786 1285 2847 quen-

138 2887 230 2949 quam
253 2865 287 2928 in
311 2864 370 2929 hac
392 2869 460 2929 tota
482 2886 576 2930 causa
597 2868 664 2928 tam
686 2865 741 2949 pia
764 2868 892 2948 tamque
916 2867 1091 2931 necessaria
1105 2868 1227 2933 nullam
1243 2873 1285 2946 te,

137 2967 258 3049 (leesor,
282 2973 408 3054 oportet
430 2970 586 3034 rationem
609 2969 724 3034 habere
746 2970 842 3034 ullius
866 2971 916 3035 vel
939 2971 1145 3037 emolumenti
1167 2973 1217 3037 vel
1240 2973 1286 3036 rei

703 3092 722 3128 ‘lt

139 3179 221 3244 sihet
244 3179 290 3243 im
313 3179 378 3243 fast
400 3177 536 3263 ehnlich.
583 3177 666 3242 Oder
695 3179 769 3243 aber
800 3200 834 3243 so
866 3179 916 3245 ein
941 3179 1005 3244 Got
1026 3180 1088 3259 ist,
1123 3182 1189 3245 und
1219 3181 1287 3246 sich

136 3285 229 3350 deren
252 3284 432 3361 menschen,
455 3285 535 3349 auch
555 3285 618 3349 ires
633 3285 730 3348 thuns
746 3284 904 3367 annimpt,
928 3285 1102 3369 gedencket
1116 3308 1158 3366 er,
1179 3289 1214 3372 ja
1230 3288 1287 3352 ists

135 3413 192 3476 gar
215 3390 331 3475 gewis,
362 3411 396 3452 er
425 3384 512 3453 kdnd
541 3389 575 3452 in
599 3389 659 3452 mit
682 3389 790 3451 seinen
813 3388 1031 3472 gew'dnliohen
1054 3391 1198 3455 wercken
1222 3392 1286 3455 und

136 3498 276 3580 opfferen
298 3501 473 3574 vers'dnen,
508 3494 554 3558 als
583 3492 716 3579 deruit
747 3516 781 3559 so
804 3514 952 3577 graneam
976 3495 1038 3573 ist,
1074 3496 1133 3561 wie
1155 3519 1230 3562 man
1252 3498 1287 3562 in

135 3602 270 3667 machel.
859 3622 861 3625 ’

135 3707 174 3772 Ja
196 3708 299 3773 under
321 3709 392 3772 dem
415 3706 523 3771 schein
548 3705 602 3768 der
625 3705 855 3789 gesechtigkeit
887 3705 944 3769 hat
974 3727 1007 3768 er
1037 3706 1087 3768 nit
1117 3706 1213 3770 allein
1238 3708 1288 3771 die

135 3817 250 3897 gantae
271 3812 347 3877 welt
369 3835 410 3876 an
434 3811 501 3876 sich
522 3809 707 3895 gehencket,
731 3811 844 3874 sunder
868 3809 949 3873 auch
972 3810 1043 3893 [54]
1068 3811 1111 3874 ist
1135 3811 1200 3875 also
1216 3834 1286 3876 ver-

134 3919 243 3983 wehnt
265 3918 330 3982 und
353 3917 524 4001 mdtwillig
543 3915 681 3992 worden,
705 3916 759 3979 das
775 3937 809 3978 er
825 3915 874 3978 nit
890 3934 968 3998 geru
986 3915 1078 3978 einen
1094 3916 1284 4001 gewaltigen

134 4024 232 4089 herrn
255 4045 326 4088 zum
348 4022 512 4087 nachbarn
535 4022 600 4085 hat.
648 4021 740 4086 Dcnn
770 4042 803 4084 er
826 4020 896 4084 wils
918 4041 975 4104 gar
998 4018 1064 4081 und
1087 4019 1184 4084 allein
1207 4022 1285 4099 sein,

134 4130 194 4194 wie
216 4151 291 4194 man
314 4129 373 4194 offt
395 4129 548 4213 geschen,
580 4127 635 4191 das
666 4149 699 4190 er
722 4127 876 4191 manchen
898 4124 956 4189 hat
977 4123 1094 4188 helffen
1117 4123 1285 4189 ausheben.

134 4233 177 4299 Es
199 4235 258 4298 hat
279 4234 323 4297 im
347 4235 421 4297 aher
444 4231 586 4297 dennoch
610 4231 657 4295 dis
679 4233 743 4294 mal
765 4230 902 4316 gefelet,
937 4230 995 4292 wie
1018 4229 1102 4292 dann
1127 4228 1203 4292 Gott
1226 4230 1287 4293 alle

135 4339 213 4424 ding
238 4339 418 4402 beschicket
441 4338 507 4401 und
529 4337 705 4400 verordnet.
752 4335 826 4400 Und
856 4334 978 4399 wiewol
1001 4332 1036 4396 Ε.
1061 4333 1104 4396 Μ.
1129 4335 1162 4396 in
1187 4333 1286 4397 disem

135 4443 348 4511 christlichen
372 4443 497 4520 handel,
521 4441 560 4505 da
583 4441 637 4505 der
659 4440 733 4505 welt
755 4440 820 4504 heil
842 4439 907 4502 und
925 4439 1004 4503 aller
1020 4437 1191 4502 menschen
1207 4437 1285 4502 wol-

1017 4541 1049 4598 15
1063 4541 1078 4575 *
