<?xml version="1.0" encoding="UTF-8"?>
<!DOCTYPE html PUBLIC "-//W3C//DTD XHTML 1.0 Transitional//EN"
    "http://www.w3.org/TR/xhtml1/DTD/xhtml1-transitional.dtd">
<html xmlns="http://www.w3.org/1999/xhtml" xml:lang="en" lang="en">
 <head>
  <title>
</title>
<meta http-equiv="Content-Type" content="text/html;charset=utf-8" />
  <meta name='ocr-system' content='tesseract 3.04.00' />
  <meta name='ocr-capabilities' content='ocr_page ocr_carea ocr_par ocr_line ocrx_word'/>
</head>
<body>
  <div class='ocr_page' id='page_1' title='image "./zweiredenankais00sleigoog/zweiredenankais00sleigoog_0112.png"; bbox 0 0 2850 5018; ppageno 0'>
   <div class='ocr_carea' id='block_1_1' title="bbox 766 311 808 372">
    <p class='ocr_par' dir='ltr' id='par_1_1' title="bbox 766 311 808 372">
     <span class='ocr_line' id='line_1_1' title="bbox 766 311 808 372; baseline 0 0"><span class='ocrx_word' id='word_1_1' title='bbox 766 311 808 372; x_wconf 87' lang='lat'>98</span> 
     </span>
    </p>
   </div>
   <div class='ocr_carea' id='block_1_2' title="bbox 196 483 1358 4251">
    <p class='ocr_par' dir='ltr' id='par_1_2' title="bbox 196 483 1358 4251">
     <span class='ocr_line' id='line_1_2' title="bbox 204 483 1358 567; baseline -0.001 -17"><span class='ocrx_word' id='word_1_2' title='bbox 204 485 413 550; x_wconf 81' lang='lat' dir='ltr'>nihilominus</span> <span class='ocrx_word' id='word_1_3' title='bbox 435 483 640 548; x_wconf 84' lang='lat' dir='ltr'>dissimulant</span> <span class='ocrx_word' id='word_1_4' title='bbox 661 487 694 546; x_wconf 90' lang='lat' dir='ltr'>et</span> <span class='ocrx_word' id='word_1_5' title='bbox 708 484 876 548; x_wconf 79' lang='lat' dir='ltr'>veritatem</span> <span class='ocrx_word' id='word_1_6' title='bbox 899 483 1093 567; x_wconf 76' lang='lat' dir='ltr'><strong>impugnant</strong></span> <span class='ocrx_word' id='word_1_7' title='bbox 1112 487 1144 546; x_wconf 87' lang='lat' dir='ltr'>et</span> <span class='ocrx_word' id='word_1_8' title='bbox 1167 484 1358 550; x_wconf 77' lang='lat' dir='ltr'>exacerbant</span> 
     </span>
     <span class='ocr_line' id='line_1_3' title="bbox 202 587 1358 674; baseline -0.002 -18"><span class='ocrx_word' id='word_1_9' title='bbox 202 594 311 656; x_wconf 84' lang='lat' dir='ltr'>omnia</span> <span class='ocrx_word' id='word_1_10' title='bbox 332 595 365 654; x_wconf 91' lang='lat' dir='ltr'>et</span> <span class='ocrx_word' id='word_1_11' title='bbox 386 611 584 655; x_wconf 86' lang='lat' dir='ltr'>communem</span> <span class='ocrx_word' id='word_1_12' title='bbox 616 589 755 672; x_wconf 84' lang='lat' dir='ltr'>patriam</span> <span class='ocrx_word' id='word_1_13' title='bbox 786 589 819 652; x_wconf 92' lang='lat' dir='ltr'>in</span> <span class='ocrx_word' id='word_1_14' title='bbox 842 588 1066 674; x_wconf 86' lang='lat' dir='ltr'>gravissimum</span> <span class='ocrx_word' id='word_1_15' title='bbox 1088 587 1261 652; x_wconf 75' lang='lat' dir='ltr'>discrimen</span> <span class='ocrx_word' id='word_1_16' title='bbox 1284 611 1358 654; x_wconf 87' lang='lat' dir='ltr'>cou-</span> 
     </span>
     <span class='ocr_line' id='line_1_4' title="bbox 199 695 1358 779; baseline -0.001 -19"><span class='ocrx_word' id='word_1_17' title='bbox 199 697 326 779; x_wconf 88' lang='lat' dir='ltr'>jiciunt,</span> <span class='ocrx_word' id='word_1_18' title='bbox 348 695 531 761; x_wconf 91' lang='lat' dir='ltr'>hominibus</span> <span class='ocrx_word' id='word_1_19' title='bbox 550 695 670 777; x_wconf 88' lang='lat' dir='ltr'>judicio</span> <span class='ocrx_word' id='word_1_20' title='bbox 692 695 834 778; x_wconf 73' lang='lat' dir='ltr'>praeditis</span> <span class='ocrx_word' id='word_1_21' title='bbox 858 695 1045 777; x_wconf 87' lang='lat' dir='ltr'>persuadere</span> <span class='ocrx_word' id='word_1_22' title='bbox 1067 698 1229 776; x_wconf 84' lang='lat' dir='ltr'>poterunt,</span> <span class='ocrx_word' id='word_1_23' title='bbox 1254 717 1288 759; x_wconf 88' lang='lat' dir='ltr'>se</span> <span class='ocrx_word' id='word_1_24' title='bbox 1310 695 1358 760; x_wconf 83' lang='lat' dir='ltr'>fa·</span> 
     </span>
     <span class='ocr_line' id='line_1_5' title="bbox 202 798 1358 884; baseline -0.001 -18"><span class='ocrx_word' id='word_1_25' title='bbox 202 823 271 867; x_wconf 86' lang='lat' dir='ltr'>cere</span> <span class='ocrx_word' id='word_1_26' title='bbox 294 801 377 884; x_wconf 91' lang='lat' dir='ltr'>quod</span> <span class='ocrx_word' id='word_1_27' title='bbox 401 801 486 864; x_wconf 86' lang='lat' dir='ltr'>viros</span> <span class='ocrx_word' id='word_1_28' title='bbox 509 801 608 863; x_wconf 88' lang='lat' dir='ltr'>bonos</span> <span class='ocrx_word' id='word_1_29' title='bbox 631 800 665 862; x_wconf 94' lang='lat' dir='ltr'>in</span> <span class='ocrx_word' id='word_1_30' title='bbox 696 800 858 883; x_wconf 79' lang='lat' dir='ltr'>republica</span> <span class='ocrx_word' id='word_1_31' title='bbox 888 801 1000 863; x_wconf 76' lang='lat' dir='ltr'>decet?</span> <span class='ocrx_word' id='word_1_32' title='bbox 1044 798 1097 862; x_wconf 86' lang='lat' dir='ltr'>An</span> <span class='ocrx_word' id='word_1_33' title='bbox 1134 822 1197 862; x_wconf 91' lang='lat' dir='ltr'>non</span> <span class='ocrx_word' id='word_1_34' title='bbox 1229 806 1280 865; x_wconf 90' lang='lat' dir='ltr'>est</span> <span class='ocrx_word' id='word_1_35' title='bbox 1309 802 1358 865; x_wconf 92' lang='lat' dir='ltr'>in-</span> 
     </span>
     <span class='ocr_line' id='line_1_6' title="bbox 202 905 1357 990; baseline -0.001 -18"><span class='ocrx_word' id='word_1_36' title='bbox 202 907 362 972; x_wconf 82' lang='lat' dir='ltr'>credrhilis</span> <span class='ocrx_word' id='word_1_37' title='bbox 378 907 521 990; x_wconf 82' lang='lat' dir='ltr'>quaedam</span> <span class='ocrx_word' id='word_1_38' title='bbox 536 906 699 969; x_wconf 78' lang='lat' dir='ltr'>temeritas</span> <span class='ocrx_word' id='word_1_39' title='bbox 723 906 789 982; x_wconf 81' lang='lat' dir='ltr'>illa,</span> <span class='ocrx_word' id='word_1_40' title='bbox 814 905 897 989; x_wconf 92' lang='lat' dir='ltr'>quod</span> <span class='ocrx_word' id='word_1_41' title='bbox 920 905 955 967; x_wconf 93' lang='lat' dir='ltr'>in</span> <span class='ocrx_word' id='word_1_42' title='bbox 977 905 1036 968; x_wconf 82' lang='lat' dir='ltr'>hcc</span> <span class='ocrx_word' id='word_1_43' title='bbox 1051 905 1267 987; x_wconf 84' lang='lat' dir='ltr'>pulcherrima</span> <span class='ocrx_word' id='word_1_44' title='bbox 1289 906 1357 972; x_wconf 86' lang='lat' dir='ltr'>luce</span> 
     </span>
     <span class='ocr_line' id='line_1_7' title="bbox 201 1010 1358 1092; baseline 0 -15"><span class='ocrx_word' id='word_1_45' title='bbox 201 1014 356 1090; x_wconf 85' lang='lat' dir='ltr'>veritatis,</span> <span class='ocrx_word' id='word_1_46' title='bbox 379 1012 495 1074; x_wconf 88' lang='lat' dir='ltr'>audent</span> <span class='ocrx_word' id='word_1_47' title='bbox 520 1011 552 1073; x_wconf 89' lang='lat' dir='ltr'>in</span> <span class='ocrx_word' id='word_1_48' title='bbox 577 1011 780 1075; x_wconf 89' lang='lat' dir='ltr'>contionibus</span> <span class='ocrx_word' id='word_1_49' title='bbox 803 1015 836 1074; x_wconf 91' lang='lat' dir='ltr'>et</span> <span class='ocrx_word' id='word_1_50' title='bbox 858 1011 891 1073; x_wconf 92' lang='lat' dir='ltr'>in</span> <span class='ocrx_word' id='word_1_51' title='bbox 915 1010 1024 1088; x_wconf 84' lang='lat' dir='ltr'>libris,</span> <span class='ocrx_word' id='word_1_52' title='bbox 1056 1031 1135 1092; x_wconf 90' lang='lat' dir='ltr'>quos</span> <span class='ocrx_word' id='word_1_53' title='bbox 1158 1011 1275 1090; x_wconf 87' lang='lat' dir='ltr'>edunt,</span> <span class='ocrx_word' id='word_1_54' title='bbox 1311 1012 1358 1077; x_wconf 86' lang='lat' dir='ltr'>af·</span> 
     </span>
     <span class='ocr_line' id='line_1_8' title="bbox 201 1115 1355 1201; baseline -0.001 -18"><span class='ocrx_word' id='word_1_55' title='bbox 201 1120 343 1196; x_wconf 89' lang='lat' dir='ltr'>firmare,</span> <span class='ocrx_word' id='word_1_56' title='bbox 375 1138 476 1200; x_wconf 87' lang='lat' dir='ltr'>neque</span> <span class='ocrx_word' id='word_1_57' title='bbox 499 1116 633 1195; x_wconf 81' lang='lat' dir='ltr'>Oaesari,</span> <span class='ocrx_word' id='word_1_58' title='bbox 664 1139 766 1200; x_wconf 87' lang='lat' dir='ltr'>neque</span> <span class='ocrx_word' id='word_1_59' title='bbox 787 1116 917 1201; x_wconf 84' lang='lat' dir='ltr'>regibus</span> <span class='ocrx_word' id='word_1_60' title='bbox 939 1116 1059 1199; x_wconf 86' lang='lat' dir='ltr'>pariter</span> <span class='ocrx_word' id='word_1_61' title='bbox 1080 1115 1231 1179; x_wconf 88' lang='lat' dir='ltr'>omnihus</span> <span class='ocrx_word' id='word_1_62' title='bbox 1253 1116 1355 1195; x_wconf 89' lang='lat' dir='ltr'>licere,</span> 
     </span>
     <span class='ocr_line' id='line_1_9' title="bbox 202 1219 1355 1307; baseline -0.004 -20"><span class='ocrx_word' id='word_1_63' title='bbox 202 1224 372 1307; x_wconf 89' lang='lat' dir='ltr'>quicquam</span> <span class='ocrx_word' id='word_1_64' title='bbox 395 1222 430 1285; x_wconf 88' lang='lat' dir='ltr'>in</span> <span class='ocrx_word' id='word_1_65' title='bbox 453 1243 548 1284; x_wconf 85' lang='lat' dir='ltr'>causa</span> <span class='ocrx_word' id='word_1_66' title='bbox 571 1222 735 1306; x_wconf 84' lang='lat' dir='ltr'>religionis</span> <span class='ocrx_word' id='word_1_67' title='bbox 759 1222 943 1296; x_wconf 77' lang='lat' dir='ltr'>decernere,</span> <span class='ocrx_word' id='word_1_68' title='bbox 977 1224 1010 1283; x_wconf 87' lang='lat' dir='ltr'>et</span> <span class='ocrx_word' id='word_1_69' title='bbox 1037 1220 1064 1282; x_wconf 90' lang='lat' dir='ltr'>si</span> <span class='ocrx_word' id='word_1_70' title='bbox 1095 1220 1181 1301; x_wconf 89' lang='lat' dir='ltr'>quod</span> <span class='ocrx_word' id='word_1_71' title='bbox 1205 1219 1253 1283; x_wconf 93' lang='lat' dir='ltr'>illi</span> <span class='ocrx_word' id='word_1_72' title='bbox 1280 1242 1355 1284; x_wconf 88' lang='lat' dir='ltr'>oon·</span> 
     </span>
     <span class='ocr_line' id='line_1_10' title="bbox 201 1324 1351 1408; baseline -0.005 -15"><span class='ocrx_word' id='word_1_73' title='bbox 201 1329 372 1394; x_wconf 76' lang='lat' dir='ltr'>sentientes</span> <span class='ocrx_word' id='word_1_74' title='bbox 395 1328 556 1391; x_wconf 88' lang='lat' dir='ltr'>decretum</span> <span class='ocrx_word' id='word_1_75' title='bbox 578 1328 707 1403; x_wconf 80' lang='lat' dir='ltr'>faciant,</span> <span class='ocrx_word' id='word_1_76' title='bbox 732 1329 858 1390; x_wconf 89' lang='lat' dir='ltr'>irritum</span> <span class='ocrx_word' id='word_1_77' title='bbox 882 1326 963 1389; x_wconf 88' lang='lat' dir='ltr'>illud</span> <span class='ocrx_word' id='word_1_78' title='bbox 985 1347 1073 1402; x_wconf 90' lang='lat' dir='ltr'>esse,</span> <span class='ocrx_word' id='word_1_79' title='bbox 1109 1325 1170 1387; x_wconf 88' lang='lat' dir='ltr'>nisi</span> <span class='ocrx_word' id='word_1_80' title='bbox 1194 1324 1351 1408; x_wconf 85' lang='lat' dir='ltr'>pontificis</span> 
     </span>
     <span class='ocr_line' id='line_1_11' title="bbox 201 1429 1356 1516; baseline -0.005 -17"><span class='ocrx_word' id='word_1_81' title='bbox 201 1434 338 1499; x_wconf 83' lang='lat' dir='ltr'>Romani</span> <span class='ocrx_word' id='word_1_82' title='bbox 358 1434 466 1516; x_wconf 86' lang='lat' dir='ltr'>jussus</span> <span class='ocrx_word' id='word_1_83' title='bbox 490 1437 522 1495; x_wconf 91' lang='lat' dir='ltr'>et</span> <span class='ocrx_word' id='word_1_84' title='bbox 545 1433 716 1496; x_wconf 80' lang='lat' dir='ltr'>auctoritas</span> <span class='ocrx_word' id='word_1_85' title='bbox 740 1431 888 1494; x_wconf 82' lang='lat' dir='ltr'>accedat?</span> <span class='ocrx_word' id='word_1_86' title='bbox 934 1429 1052 1515; x_wconf 78' lang='lat' dir='ltr'>Cogere</span> <span class='ocrx_word' id='word_1_87' title='bbox 1077 1450 1133 1492; x_wconf 88' lang='lat' dir='ltr'>nos</span> <span class='ocrx_word' id='word_1_88' title='bbox 1156 1430 1289 1507; x_wconf 85' lang='lat' dir='ltr'>volunt,</span> <span class='ocrx_word' id='word_1_89' title='bbox 1321 1435 1356 1493; x_wconf 90' lang='lat' dir='ltr'>ut</span> 
     </span>
     <span class='ocr_line' id='line_1_12' title="bbox 202 1535 1355 1622; baseline -0.002 -20"><span class='ocrx_word' id='word_1_90' title='bbox 202 1540 235 1602; x_wconf 95' lang='lat' dir='ltr'>in</span> <span class='ocrx_word' id='word_1_91' title='bbox 259 1561 330 1602; x_wconf 91' lang='lat' dir='ltr'>eum</span> <span class='ocrx_word' id='word_1_92' title='bbox 354 1538 534 1622; x_wconf 84' lang='lat' dir='ltr'>rejiciamus</span> <span class='ocrx_word' id='word_1_93' title='bbox 563 1538 687 1615; x_wconf 85' lang='lat' dir='ltr'>omnia,</span> <span class='ocrx_word' id='word_1_94' title='bbox 724 1537 778 1620; x_wconf 89' lang='lat' dir='ltr'>qui</span> <span class='ocrx_word' id='word_1_95' title='bbox 808 1542 938 1620; x_wconf 90' lang='lat' dir='ltr'>propter</span> <span class='ocrx_word' id='word_1_96' title='bbox 967 1537 1100 1620; x_wconf 83' lang='lat' dir='ltr'>impiam</span> <span class='ocrx_word' id='word_1_97' title='bbox 1122 1535 1305 1600; x_wconf 81' lang='lat' dir='ltr'>doctrinam</span> <span class='ocrx_word' id='word_1_98' title='bbox 1327 1540 1355 1600; x_wconf 90' lang='lat' dir='ltr'>et</span> 
     </span>
     <span class='ocr_line' id='line_1_13' title="bbox 201 1641 1356 1727; baseline -0.003 -19"><span class='ocrx_word' id='word_1_99' title='bbox 201 1644 431 1722; x_wconf 83' lang='lat' dir='ltr'>idololatriam,</span> <span class='ocrx_word' id='word_1_100' title='bbox 464 1648 595 1727; x_wconf 89' lang='lat' dir='ltr'>propter</span> <span class='ocrx_word' id='word_1_101' title='bbox 617 1642 770 1706; x_wconf 84' lang='lat' dir='ltr'>immania</span> <span class='ocrx_word' id='word_1_102' title='bbox 792 1641 909 1706; x_wconf 84' lang='lat' dir='ltr'>scelera</span> <span class='ocrx_word' id='word_1_103' title='bbox 931 1646 964 1705; x_wconf 86' lang='lat' dir='ltr'>et</span> <span class='ocrx_word' id='word_1_104' title='bbox 985 1642 1085 1704; x_wconf 82' lang='lat' dir='ltr'>vitam</span> <span class='ocrx_word' id='word_1_105' title='bbox 1107 1641 1356 1724; x_wconf 79' lang='lat' dir='ltr'>impurissimam</span> 
     </span>
     <span class='ocr_line' id='line_1_14' title="bbox 201 1747 1355 1832; baseline -0.003 -19"><span class='ocrx_word' id='word_1_106' title='bbox 201 1773 266 1813; x_wconf 86' lang='lat' dir='ltr'>nou</span> <span class='ocrx_word' id='word_1_107' title='bbox 290 1751 384 1813; x_wconf 89' lang='lat' dir='ltr'>modo</span> <span class='ocrx_word' id='word_1_108' title='bbox 415 1770 481 1813; x_wconf 91' lang='lat' dir='ltr'>non</span> <span class='ocrx_word' id='word_1_109' title='bbox 504 1752 610 1831; x_wconf 85' lang='lat' dir='ltr'>potest</span> <span class='ocrx_word' id='word_1_110' title='bbox 630 1749 745 1832; x_wconf 87' lang='lat' dir='ltr'>judicis</span> <span class='ocrx_word' id='word_1_111' title='bbox 768 1769 936 1831; x_wconf 84' lang='lat' dir='ltr'>personam</span> <span class='ocrx_word' id='word_1_112' title='bbox 958 1748 1088 1811; x_wconf 87' lang='lat' dir='ltr'>inducre</span> <span class='ocrx_word' id='word_1_113' title='bbox 1110 1748 1163 1810; x_wconf 86' lang='lat' dir='ltr'>sed</span> <span class='ocrx_word' id='word_1_114' title='bbox 1187 1769 1229 1811; x_wconf 92' lang='lat' dir='ltr'>ne</span> <span class='ocrx_word' id='word_1_115' title='bbox 1251 1747 1288 1810; x_wconf 95' lang='lat' dir='ltr'>in</span> <span class='ocrx_word' id='word_1_116' title='bbox 1306 1748 1355 1830; x_wconf 92' lang='lat' dir='ltr'>ju·</span> 
     </span>
     <span class='ocr_line' id='line_1_15' title="bbox 201 1851 1357 1938; baseline -0.003 -18"><span class='ocrx_word' id='word_1_117' title='bbox 201 1854 283 1920; x_wconf 89' lang='lat' dir='ltr'>dicio</span> <span class='ocrx_word' id='word_1_118' title='bbox 316 1855 444 1938; x_wconf 89' lang='lat' dir='ltr'>quidem</span> <span class='ocrx_word' id='word_1_119' title='bbox 479 1852 691 1937; x_wconf 84' lang='lat' dir='ltr'>au[Giiij]det</span> <span class='ocrx_word' id='word_1_120' title='bbox 724 1854 904 1917; x_wconf 81' lang='lat' dir='ltr'>consistere.</span> <span class='ocrx_word' id='word_1_121' title='bbox 950 1851 1066 1917; x_wconf 91' lang='lat' dir='ltr'>Nonne</span> <span class='ocrx_word' id='word_1_122' title='bbox 1098 1851 1234 1915; x_wconf 86' lang='lat' dir='ltr'>rationis</span> <span class='ocrx_word' id='word_1_123' title='bbox 1266 1873 1357 1916; x_wconf 88' lang='lat' dir='ltr'>omne</span> 
     </span>
     <span class='ocr_line' id='line_1_16' title="bbox 196 1958 1355 2046; baseline -0.002 -21"><span class='ocrx_word' id='word_1_124' title='bbox 196 1961 353 2045; x_wconf 89' lang='lat' dir='ltr'>judicium</span> <span class='ocrx_word' id='word_1_125' title='bbox 376 1959 509 2037; x_wconf 83' lang='lat' dir='ltr'>excedit,</span> <span class='ocrx_word' id='word_1_126' title='bbox 536 1960 570 2022; x_wconf 91' lang='lat' dir='ltr'>in</span> <span class='ocrx_word' id='word_1_127' title='bbox 594 1964 664 2024; x_wconf 82' lang='lat' dir='ltr'>tota</span> <span class='ocrx_word' id='word_1_128' title='bbox 686 1961 831 2025; x_wconf 84' lang='lat' dir='ltr'>videlicet</span> <span class='ocrx_word' id='word_1_129' title='bbox 854 1960 1034 2037; x_wconf 84' lang='lat' dir='ltr'>Germania,</span> <span class='ocrx_word' id='word_1_130' title='bbox 1059 1958 1173 2037; x_wconf 84' lang='lat' dir='ltr'>Gallia,</span> <span class='ocrx_word' id='word_1_131' title='bbox 1198 1959 1355 2046; x_wconf 81' lang='lat' dir='ltr'>Hispania</span> 
     </span>
     <span class='ocr_line' id='line_1_17' title="bbox 770 2083 788 2120; baseline 0 0"><span class='ocrx_word' id='word_1_132' title='bbox 770 2083 788 2120; x_wconf 70' lang='lat'><strong><em>*</em></strong></span> 
     </span>
     <span class='ocr_line' id='line_1_18' title="bbox 201 2168 1353 2256; baseline -0.003 -20"><span class='ocrx_word' id='word_1_133' title='bbox 201 2171 308 2236; x_wconf 87' lang='lat' dir='ltr'>nichts</span> <span class='ocrx_word' id='word_1_134' title='bbox 330 2171 497 2235; x_wconf 80' lang='lat' dir='ltr'>belrennen</span> <span class='ocrx_word' id='word_1_135' title='bbox 520 2172 601 2234; x_wconf 88' lang='lat' dir='ltr'>noch</span> <span class='ocrx_word' id='word_1_136' title='bbox 625 2171 820 2250; x_wconf 86' lang='lat' dir='ltr'>nachlassen,</span> <span class='ocrx_word' id='word_1_137' title='bbox 844 2170 959 2235; x_wconf 88' lang='lat' dir='ltr'>sonder</span> <span class='ocrx_word' id='word_1_138' title='bbox 981 2172 1155 2235; x_wconf 86' lang='lat' dir='ltr'>verbittern</span> <span class='ocrx_word' id='word_1_139' title='bbox 1180 2168 1244 2234; x_wconf 85' lang='lat' dir='ltr'>alle</span> <span class='ocrx_word' id='word_1_140' title='bbox 1266 2170 1353 2256; x_wconf 88' lang='lat' dir='ltr'>ding,</span> 
     </span>
     <span class='ocr_line' id='line_1_19' title="bbox 200 2274 1356 2361; baseline -0.003 -21"><span class='ocrx_word' id='word_1_141' title='bbox 200 2278 266 2341; x_wconf 90' lang='lat' dir='ltr'>und</span> <span class='ocrx_word' id='word_1_142' title='bbox 288 2283 393 2340; x_wconf 85' lang='lat' dir='ltr'>setzen</span> <span class='ocrx_word' id='word_1_143' title='bbox 423 2276 490 2339; x_wconf 84' lang='lat' dir='ltr'>also</span> <span class='ocrx_word' id='word_1_144' title='bbox 514 2274 671 2340; x_wconf 82' lang='lat' dir='ltr'>Teutsche</span> <span class='ocrx_word' id='word_1_145' title='bbox 692 2275 814 2339; x_wconf 79' lang='lat' dir='ltr'>Notion</span> <span class='ocrx_word' id='word_1_146' title='bbox 846 2279 941 2340; x_wconf 81' lang='lat' dir='ltr'>zrivor</span> <span class='ocrx_word' id='word_1_147' title='bbox 971 2277 1005 2339; x_wconf 94' lang='lat' dir='ltr'>in</span> <span class='ocrx_word' id='word_1_148' title='bbox 1034 2297 1144 2361; x_wconf 89' lang='lat' dir='ltr'>grosse</span> <span class='ocrx_word' id='word_1_149' title='bbox 1166 2274 1356 2339; x_wconf 86' lang='lat' dir='ltr'>merckliche</span> 
     </span>
     <span class='ocr_line' id='line_1_20' title="bbox 200 2379 1354 2466; baseline -0.003 -20"><span class='ocrx_word' id='word_1_150' title='bbox 200 2390 266 2459; x_wconf 87' lang='lat' dir='ltr'>not,</span> <span class='ocrx_word' id='word_1_151' title='bbox 290 2381 331 2445; x_wconf 93' lang='lat' dir='ltr'>ob</span> <span class='ocrx_word' id='word_1_152' title='bbox 353 2380 500 2458; x_wconf 88' lang='lat' dir='ltr'>dieselbe,</span> <span class='ocrx_word' id='word_1_153' title='bbox 524 2380 598 2466; x_wconf 85' lang='lat' dir='ltr'>frag</span> <span class='ocrx_word' id='word_1_154' title='bbox 618 2382 679 2458; x_wconf 88' lang='lat' dir='ltr'>ich,</span> <span class='ocrx_word' id='word_1_155' title='bbox 703 2381 804 2444; x_wconf 90' lang='lat' dir='ltr'>ihrem</span> <span class='ocrx_word' id='word_1_156' title='bbox 821 2381 997 2445; x_wconf 83' lang='lat' dir='ltr'>Vaterland</span> <span class='ocrx_word' id='word_1_157' title='bbox 1014 2382 1065 2444; x_wconf 88' lang='lat' dir='ltr'>nit</span> <span class='ocrx_word' id='word_1_158' title='bbox 1080 2379 1229 2464; x_wconf 88' lang='lat' dir='ltr'>ongleich</span> <span class='ocrx_word' id='word_1_159' title='bbox 1243 2379 1354 2444; x_wconf 69' lang='lat' dir='ltr'>schid-</span> 
     </span>
     <span class='ocr_line' id='line_1_21' title="bbox 199 2484 1355 2572; baseline -0.003 -21"><span class='ocrx_word' id='word_1_160' title='bbox 199 2487 298 2551; x_wconf 88' lang='lat' dir='ltr'>licher</span> <span class='ocrx_word' id='word_1_161' title='bbox 313 2487 431 2571; x_wconf 89' lang='lat' dir='ltr'>burger</span> <span class='ocrx_word' id='word_1_162' title='bbox 446 2486 546 2564; x_wconf 89' lang='lat' dir='ltr'>seind,</span> <span class='ocrx_word' id='word_1_163' title='bbox 569 2487 654 2550; x_wconf 86' lang='lat' dir='ltr'>dann</span> <span class='ocrx_word' id='word_1_164' title='bbox 671 2487 818 2563; x_wconf 86' lang='lat' dir='ltr'>Catilina,</span> <span class='ocrx_word' id='word_1_165' title='bbox 844 2487 1012 2572; x_wconf 80' lang='lat' dir='ltr'>Cethegus,</span> <span class='ocrx_word' id='word_1_166' title='bbox 1036 2485 1101 2548; x_wconf 91' lang='lat' dir='ltr'>und</span> <span class='ocrx_word' id='word_1_167' title='bbox 1124 2484 1243 2548; x_wconf 84' lang='lat' dir='ltr'>andere</span> <span class='ocrx_word' id='word_1_168' title='bbox 1265 2484 1355 2548; x_wconf 88' lang='lat' dir='ltr'>mehr</span> 
     </span>
     <span class='ocr_line' id='line_1_22' title="bbox 199 2583 1354 2677; baseline -0.002 -23"><span class='ocrx_word' id='word_1_169' title='bbox 199 2612 341 2676; x_wconf 86' lang='lat' dir='ltr'>gewesen</span> <span class='ocrx_word' id='word_1_170' title='bbox 365 2595 489 2667; x_wconf 69' lang='lat' dir='ltr'>waren,</span> <span class='ocrx_word' id='word_1_171' title='bbox 524 2614 573 2655; x_wconf 88' lang='lat' dir='ltr'>wo</span> <span class='ocrx_word' id='word_1_172' title='bbox 595 2592 646 2655; x_wconf 88' lang='lat' dir='ltr'>ihr</span> <span class='ocrx_word' id='word_1_173' title='bbox 671 2592 843 2677; x_wconf 79' lang='lat' dir='ltr'>motwillig</span> <span class='ocrx_word' id='word_1_174' title='bbox 865 2592 1064 2675; x_wconf 73' lang='lat' dir='ltr'>bliitdsrrstig</span> <span class='ocrx_word' id='word_1_175' title='bbox 1095 2583 1226 2674; x_wconf 74' lang='lat' dir='ltr'>gemit,</span> <span class='ocrx_word' id='word_1_176' title='bbox 1263 2591 1354 2655; x_wconf 88' lang='lat' dir='ltr'>einen</span> 
     </span>
     <span class='ocr_line' id='line_1_23' title="bbox 198 2693 1354 2781; baseline -0.001 -22"><span class='ocrx_word' id='word_1_177' title='bbox 198 2695 339 2781; x_wconf 81' lang='lat' dir='ltr'>ffirgang</span> <span class='ocrx_word' id='word_1_178' title='bbox 361 2716 537 2779; x_wconf 89' lang='lat' dir='ltr'>gewonnen</span> <span class='ocrx_word' id='word_1_179' title='bbox 559 2695 676 2760; x_wconf 71' lang='lat' dir='ltr'>hatte?</span> <span class='ocrx_word' id='word_1_180' title='bbox 720 2696 761 2760; x_wconf 88' lang='lat' dir='ltr'>Ja</span> <span class='ocrx_word' id='word_1_181' title='bbox 783 2696 919 2772; x_wconf 87' lang='lat' dir='ltr'>freilich,</span> <span class='ocrx_word' id='word_1_182' title='bbox 943 2696 1009 2760; x_wconf 92' lang='lat' dir='ltr'>und</span> <span class='ocrx_word' id='word_1_183' title='bbox 1030 2717 1065 2759; x_wconf 92' lang='lat' dir='ltr'>so</span> <span class='ocrx_word' id='word_1_184' title='bbox 1090 2693 1133 2756; x_wconf 87' lang='lat' dir='ltr'>vil</span> <span class='ocrx_word' id='word_1_185' title='bbox 1155 2694 1264 2773; x_wconf 90' lang='lat' dir='ltr'>mehr,</span> <span class='ocrx_word' id='word_1_186' title='bbox 1298 2695 1354 2758; x_wconf 83' lang='lat' dir='ltr'>das</span> 
     </span>
     <span class='ocr_line' id='line_1_24' title="bbox 199 2795 1357 2885; baseline -0.002 -20"><span class='ocrx_word' id='word_1_187' title='bbox 199 2801 245 2865; x_wconf 88' lang='lat' dir='ltr'>sie</span> <span class='ocrx_word' id='word_1_188' title='bbox 267 2801 368 2865; x_wconf 90' lang='lat' dir='ltr'>neben</span> <span class='ocrx_word' id='word_1_189' title='bbox 392 2801 463 2866; x_wconf 87' lang='lat' dir='ltr'>dem</span> <span class='ocrx_word' id='word_1_190' title='bbox 495 2801 668 2865; x_wconf 86' lang='lat' dir='ltr'>verderben</span> <span class='ocrx_word' id='word_1_191' title='bbox 697 2802 781 2866; x_wconf 89' lang='lat' dir='ltr'>ihres</span> <span class='ocrx_word' id='word_1_192' title='bbox 804 2801 1016 2880; x_wconf 84' lang='lat' dir='ltr'>Vaterlands,</span> <span class='ocrx_word' id='word_1_193' title='bbox 1049 2800 1130 2864; x_wconf 84' lang='lat' dir='ltr'>auch</span> <span class='ocrx_word' id='word_1_194' title='bbox 1161 2799 1212 2862; x_wconf 91' lang='lat' dir='ltr'>die</span> <span class='ocrx_word' id='word_1_195' title='bbox 1245 2795 1357 2885; x_wconf 79' lang='lat' dir='ltr'>gemirt</span> 
     </span>
     <span class='ocr_line' id='line_1_25' title="bbox 198 2904 1356 2990; baseline -0.001 -21"><span class='ocrx_word' id='word_1_196' title='bbox 198 2904 264 2969; x_wconf 88' lang='lat' dir='ltr'>und</span> <span class='ocrx_word' id='word_1_197' title='bbox 286 2905 441 2990; x_wconf 88' lang='lat' dir='ltr'>gewisseu</span> <span class='ocrx_word' id='word_1_198' title='bbox 465 2905 560 2969; x_wconf 87' lang='lat' dir='ltr'>deren</span> <span class='ocrx_word' id='word_1_199' title='bbox 591 2905 780 2982; x_wconf 86' lang='lat' dir='ltr'>menschen,</span> <span class='ocrx_word' id='word_1_200' title='bbox 813 2906 912 2970; x_wconf 89' lang='lat' dir='ltr'>durch</span> <span class='ocrx_word' id='word_1_201' title='bbox 943 2905 1177 2989; x_wconf 86' lang='lat' dir='ltr'>handthabung</span> <span class='ocrx_word' id='word_1_202' title='bbox 1212 2906 1269 2969; x_wconf 91' lang='lat' dir='ltr'>der</span> <span class='ocrx_word' id='word_1_203' title='bbox 1297 2927 1356 2969; x_wconf 92' lang='lat' dir='ltr'>on·</span> 
     </span>
     <span class='ocr_line' id='line_1_26' title="bbox 199 3006 1357 3095; baseline -0.002 -21"><span class='ocrx_word' id='word_1_204' title='bbox 199 3009 407 3075; x_wconf 85' lang='lat' dir='ltr'>christlicheu</span> <span class='ocrx_word' id='word_1_205' title='bbox 431 3012 505 3089; x_wconf 89' lang='lat' dir='ltr'>lere,</span> <span class='ocrx_word' id='word_1_206' title='bbox 529 3012 564 3073; x_wconf 91' lang='lat' dir='ltr'>in</span> <span class='ocrx_word' id='word_1_207' title='bbox 588 3032 696 3095; x_wconf 89' lang='lat' dir='ltr'>grosse</span> <span class='ocrx_word' id='word_1_208' title='bbox 718 3011 790 3075; x_wconf 81' lang='lat' dir='ltr'>lahr</span> <span class='ocrx_word' id='word_1_209' title='bbox 813 3012 877 3074; x_wconf 93' lang='lat' dir='ltr'>und</span> <span class='ocrx_word' id='word_1_210' title='bbox 893 3011 1056 3075; x_wconf 86' lang='lat' dir='ltr'>verzeiflen</span> <span class='ocrx_word' id='word_1_211' title='bbox 1082 3006 1188 3086; x_wconf 79' lang='lat' dir='ltr'>ffiren,</span> <span class='ocrx_word' id='word_1_212' title='bbox 1218 3009 1282 3074; x_wconf 86' lang='lat' dir='ltr'>Ists</span> <span class='ocrx_word' id='word_1_213' title='bbox 1307 3010 1357 3073; x_wconf 88' lang='lat' dir='ltr'>nit</span> 
     </span>
     <span class='ocr_line' id='line_1_27' title="bbox 198 3115 1355 3200; baseline -0.002 -20"><span class='ocrx_word' id='word_1_214' title='bbox 198 3116 269 3180; x_wconf 85' lang='lat' dir='ltr'>eine</span> <span class='ocrx_word' id='word_1_215' title='bbox 292 3115 551 3180; x_wconf 88' lang='lat' dir='ltr'>onmenschliche</span> <span class='ocrx_word' id='word_1_216' title='bbox 579 3116 733 3193; x_wconf 83' lang='lat' dir='ltr'>kiinheit,</span> <span class='ocrx_word' id='word_1_217' title='bbox 768 3116 822 3180; x_wconf 86' lang='lat' dir='ltr'>das</span> <span class='ocrx_word' id='word_1_218' title='bbox 852 3117 898 3180; x_wconf 90' lang='lat' dir='ltr'>sie</span> <span class='ocrx_word' id='word_1_219' title='bbox 929 3116 1011 3180; x_wconf 90' lang='lat' dir='ltr'>noch</span> <span class='ocrx_word' id='word_1_220' title='bbox 1043 3116 1172 3200; x_wconf 84' lang='lat' dir='ltr'>heutigs</span> <span class='ocrx_word' id='word_1_221' title='bbox 1193 3119 1284 3200; x_wconf 80' lang='lat' dir='ltr'>tags,</span> <span class='ocrx_word' id='word_1_222' title='bbox 1322 3116 1355 3178; x_wconf 92' lang='lat' dir='ltr'>in</span> 
     </span>
     <span class='ocr_line' id='line_1_28' title="bbox 198 3220 1354 3305; baseline 0 -22"><span class='ocrx_word' id='word_1_223' title='bbox 198 3220 298 3284; x_wconf 89' lang='lat' dir='ltr'>disem</span> <span class='ocrx_word' id='word_1_224' title='bbox 320 3220 425 3284; x_wconf 89' lang='lat' dir='ltr'>hellen</span> <span class='ocrx_word' id='word_1_225' title='bbox 449 3220 547 3284; x_wconf 88' lang='lat' dir='ltr'>liecht</span> <span class='ocrx_word' id='word_1_226' title='bbox 569 3221 624 3283; x_wconf 88' lang='lat' dir='ltr'>der</span> <span class='ocrx_word' id='word_1_227' title='bbox 647 3221 790 3298; x_wconf 88' lang='lat' dir='ltr'>warheit,</span> <span class='ocrx_word' id='word_1_228' title='bbox 813 3222 878 3285; x_wconf 91' lang='lat' dir='ltr'>uud</span> <span class='ocrx_word' id='word_1_229' title='bbox 901 3226 972 3305; x_wconf 84' lang='lat' dir='ltr'>yetz</span> <span class='ocrx_word' id='word_1_230' title='bbox 989 3220 1123 3285; x_wconf 85' lang='lat' dir='ltr'>newlieh</span> <span class='ocrx_word' id='word_1_231' title='bbox 1138 3220 1274 3284; x_wconf 72' lang='lat' dir='ltr'>thurren</span> <span class='ocrx_word' id='word_1_232' title='bbox 1291 3241 1354 3284; x_wconf 84' lang='lat' dir='ltr'>von</span> 
     </span>
     <span class='ocr_line' id='line_1_29' title="bbox 198 3324 1354 3410; baseline 0 -21"><span class='ocrx_word' id='word_1_233' title='bbox 198 3326 266 3390; x_wconf 90' lang='lat' dir='ltr'>sich</span> <span class='ocrx_word' id='word_1_234' title='bbox 288 3326 454 3390; x_wconf 89' lang='lat' dir='ltr'>schreibeu</span> <span class='ocrx_word' id='word_1_235' title='bbox 479 3327 542 3389; x_wconf 90' lang='lat' dir='ltr'>und</span> <span class='ocrx_word' id='word_1_236' title='bbox 566 3328 676 3389; x_wconf 91' lang='lat' dir='ltr'>lernen</span> <span class='ocrx_word' id='word_1_237' title='bbox 687 3326 709 3403; x_wconf 90' lang='lat'>¹,</span> <span class='ocrx_word' id='word_1_238' title='bbox 733 3326 775 3389; x_wconf 82' lang='lat' dir='ltr'>Es</span> <span class='ocrx_word' id='word_1_239' title='bbox 798 3325 860 3388; x_wconf 86' lang='lat' dir='ltr'>hab</span> <span class='ocrx_word' id='word_1_240' title='bbox 877 3326 978 3389; x_wconf 86' lang='lat' dir='ltr'>weder</span> <span class='ocrx_word' id='word_1_241' title='bbox 994 3325 1114 3402; x_wconf 86' lang='lat' dir='ltr'>Keiser,</span> <span class='ocrx_word' id='word_1_242' title='bbox 1137 3325 1221 3389; x_wconf 89' lang='lat' dir='ltr'>noch</span> <span class='ocrx_word' id='word_1_243' title='bbox 1234 3324 1354 3410; x_wconf 75' lang='lat' dir='ltr'>Kdnig,</span> 
     </span>
     <span class='ocr_line' id='line_1_30' title="bbox 198 3430 1353 3516; baseline 0 -22"><span class='ocrx_word' id='word_1_244' title='bbox 198 3431 280 3494; x_wconf 91' lang='lat' dir='ltr'>noch</span> <span class='ocrx_word' id='word_1_245' title='bbox 303 3431 354 3494; x_wconf 91' lang='lat' dir='ltr'>die</span> <span class='ocrx_word' id='word_1_246' title='bbox 382 3434 497 3515; x_wconf 85' lang='lat' dir='ltr'>gantze</span> <span class='ocrx_word' id='word_1_247' title='bbox 519 3432 613 3509; x_wconf 87' lang='lat' dir='ltr'>welt,</span> <span class='ocrx_word' id='word_1_248' title='bbox 649 3432 741 3495; x_wconf 86' lang='lat' dir='ltr'>keine</span> <span class='ocrx_word' id='word_1_249' title='bbox 773 3430 900 3508; x_wconf 84' lang='lat' dir='ltr'>macht,</span> <span class='ocrx_word' id='word_1_250' title='bbox 936 3431 1017 3494; x_wconf 88' lang='lat' dir='ltr'>ichts</span> <span class='ocrx_word' id='word_1_251' title='bbox 1048 3433 1083 3495; x_wconf 92' lang='lat' dir='ltr'>in</span> <span class='ocrx_word' id='word_1_252' title='bbox 1114 3432 1174 3494; x_wconf 87' lang='lat' dir='ltr'>den</span> <span class='ocrx_word' id='word_1_253' title='bbox 1205 3431 1353 3516; x_wconf 82' lang='lat' dir='ltr'>yetzigen</span> 
     </span>
     <span class='ocr_line' id='line_1_31' title="bbox 198 3535 1354 3619; baseline 0 -21"><span class='ocrx_word' id='word_1_254' title='bbox 198 3535 341 3600; x_wconf 85' lang='lat' dir='ltr'>missheln</span> <span class='ocrx_word' id='word_1_255' title='bbox 364 3539 401 3600; x_wconf 77' lang='lat' dir='ltr'>rh</span> <span class='ocrx_word' id='word_1_256' title='bbox 425 3536 615 3614; x_wconf 87' lang='lat' dir='ltr'>schliessen,</span> <span class='ocrx_word' id='word_1_257' title='bbox 645 3538 708 3600; x_wconf 92' lang='lat' dir='ltr'>und</span> <span class='ocrx_word' id='word_1_258' title='bbox 744 3558 789 3599; x_wconf 87' lang='lat' dir='ltr'>wo</span> <span class='ocrx_word' id='word_1_259' title='bbox 821 3540 919 3600; x_wconf 80' lang='lat' dir='ltr'>etwas</span> <span class='ocrx_word' id='word_1_260' title='bbox 943 3557 1004 3599; x_wconf 80' lang='lat' dir='ltr'>von</span> <span class='ocrx_word' id='word_1_261' title='bbox 1028 3537 1125 3600; x_wconf 88' lang='lat' dir='ltr'>ihnen</span> <span class='ocrx_word' id='word_1_262' title='bbox 1148 3535 1354 3619; x_wconf 88' lang='lat' dir='ltr'>geschlossen</span> 
     </span>
     <span class='ocr_line' id='line_1_32' title="bbox 198 3635 1352 3728; baseline -0.002 -23"><span class='ocrx_word' id='word_1_263' title='bbox 198 3637 305 3720; x_wconf 79' lang='lat' dir='ltr'>wtrd,</span> <span class='ocrx_word' id='word_1_264' title='bbox 329 3664 384 3727; x_wconf 89' lang='lat' dir='ltr'>scy</span> <span class='ocrx_word' id='word_1_265' title='bbox 406 3643 554 3728; x_wconf 80' lang='lat' dir='ltr'>nichtig?</span> <span class='ocrx_word' id='word_1_266' title='bbox 598 3643 672 3707; x_wconf 89' lang='lat' dir='ltr'>Und</span> <span class='ocrx_word' id='word_1_267' title='bbox 695 3642 808 3706; x_wconf 80' lang='lat' dir='ltr'>wdllen</span> <span class='ocrx_word' id='word_1_268' title='bbox 833 3666 893 3707; x_wconf 87' lang='lat' dir='ltr'>uns</span> <span class='ocrx_word' id='word_1_269' title='bbox 915 3640 1107 3719; x_wconf 77' lang='lat' dir='ltr'>riberreden,</span> <span class='ocrx_word' id='word_1_270' title='bbox 1142 3642 1202 3704; x_wconf 84' lang='lat' dir='ltr'>wir</span> <span class='ocrx_word' id='word_1_271' title='bbox 1223 3635 1352 3706; x_wconf 79' lang='lat' dir='ltr'>mirsscn</span> 
     </span>
     <span class='ocr_line' id='line_1_33' title="bbox 197 3746 1354 3831; baseline 0 -22"><span class='ocrx_word' id='word_1_272' title='bbox 197 3746 265 3809; x_wconf 85' lang='lat' dir='ltr'>auff</span> <span class='ocrx_word' id='word_1_273' title='bbox 284 3746 344 3809; x_wconf 90' lang='lat' dir='ltr'>den</span> <span class='ocrx_word' id='word_1_274' title='bbox 367 3751 497 3821; x_wconf 79' lang='lat' dir='ltr'>werten,</span> <span class='ocrx_word' id='word_1_275' title='bbox 522 3747 576 3810; x_wconf 91' lang='lat' dir='ltr'>der</span> <span class='ocrx_word' id='word_1_276' title='bbox 600 3768 660 3810; x_wconf 87' lang='lat' dir='ltr'>von</span> <span class='ocrx_word' id='word_1_277' title='bbox 677 3768 787 3831; x_wconf 86' lang='lat' dir='ltr'>wegen</span> <span class='ocrx_word' id='word_1_278' title='bbox 809 3748 894 3810; x_wconf 89' lang='lat' dir='ltr'>seins</span> <span class='ocrx_word' id='word_1_279' title='bbox 920 3748 1078 3811; x_wconf 87' lang='lat' dir='ltr'>onerbarn</span> <span class='ocrx_word' id='word_1_280' title='bbox 1104 3747 1224 3824; x_wconf 85' lang='lat' dir='ltr'>lebeus,</span> <span class='ocrx_word' id='word_1_281' title='bbox 1248 3747 1354 3811; x_wconf 91' lang='lat' dir='ltr'>seiuer</span> 
     </span>
     <span class='ocr_line' id='line_1_34' title="bbox 198 3849 1352 3937; baseline 0.003 -25"><span class='ocrx_word' id='word_1_282' title='bbox 198 3849 413 3914; x_wconf 81' lang='lat' dir='ltr'>verfiirischen</span> <span class='ocrx_word' id='word_1_283' title='bbox 436 3851 520 3929; x_wconf 92' lang='lat' dir='ltr'>lere,</span> <span class='ocrx_word' id='word_1_284' title='bbox 544 3851 648 3915; x_wconf 87' lang='lat' dir='ltr'>seiner</span> <span class='ocrx_word' id='word_1_285' title='bbox 671 3852 849 3916; x_wconf 82' lang='lat' dir='ltr'>milithaten</span> <span class='ocrx_word' id='word_1_286' title='bbox 873 3851 999 3930; x_wconf 83' lang='lat' dir='ltr'>halben,</span> <span class='ocrx_word' id='word_1_287' title='bbox 1023 3852 1073 3916; x_wconf 90' lang='lat' dir='ltr'>uit</span> <span class='ocrx_word' id='word_1_288' title='bbox 1095 3852 1191 3916; x_wconf 85' lang='lat' dir='ltr'>allein</span> <span class='ocrx_word' id='word_1_289' title='bbox 1216 3852 1272 3915; x_wconf 86' lang='lat' dir='ltr'>das</span> <span class='ocrx_word' id='word_1_290' title='bbox 1296 3873 1352 3937; x_wconf 87' lang='lat' dir='ltr'>ge-</span> 
     </span>
     <span class='ocr_line' id='line_1_35' title="bbox 197 3955 1353 4042; baseline 0.001 -24"><span class='ocrx_word' id='word_1_291' title='bbox 197 3955 280 4019; x_wconf 86' lang='lat' dir='ltr'>richt</span> <span class='ocrx_word' id='word_1_292' title='bbox 303 3956 354 4018; x_wconf 87' lang='lat' dir='ltr'>nit</span> <span class='ocrx_word' id='word_1_293' title='bbox 375 3956 515 4020; x_wconf 87' lang='lat' dir='ltr'>besitzen</span> <span class='ocrx_word' id='word_1_294' title='bbox 539 3957 612 4035; x_wconf 88' lang='lat' dir='ltr'>kan,</span> <span class='ocrx_word' id='word_1_295' title='bbox 636 3957 750 4020; x_wconf 79' lang='lat' dir='ltr'>sunder</span> <span class='ocrx_word' id='word_1_296' title='bbox 772 3956 852 4020; x_wconf 84' lang='lat' dir='ltr'>auch</span> <span class='ocrx_word' id='word_1_297' title='bbox 875 3958 919 4020; x_wconf 93' lang='lat' dir='ltr'>im</span> <span class='ocrx_word' id='word_1_298' title='bbox 941 3957 1067 4042; x_wconf 86' lang='lat' dir='ltr'>gericht</span> <span class='ocrx_word' id='word_1_299' title='bbox 1090 3958 1140 4019; x_wconf 91' lang='lat' dir='ltr'>nit</span> <span class='ocrx_word' id='word_1_300' title='bbox 1163 3956 1248 4020; x_wconf 85' lang='lat' dir='ltr'>darff</span> <span class='ocrx_word' id='word_1_301' title='bbox 1267 3955 1353 4020; x_wconf 92' lang='lat' dir='ltr'>noch</span> 
     </span>
     <span class='ocr_line' id='line_1_36' title="bbox 196 4060 1353 4141; baseline 0.003 -18"><span class='ocrx_word' id='word_1_302' title='bbox 196 4060 249 4123; x_wconf 86' lang='lat' dir='ltr'>wil</span> <span class='ocrx_word' id='word_1_303' title='bbox 273 4060 479 4125; x_wconf 82' lang='lat' dir='ltr'>erscheinen?</span> <span class='ocrx_word' id='word_1_304' title='bbox 525 4060 588 4125; x_wconf 88' lang='lat' dir='ltr'>Ists</span> <span class='ocrx_word' id='word_1_305' title='bbox 617 4062 667 4125; x_wconf 87' lang='lat' dir='ltr'>nit</span> <span class='ocrx_word' id='word_1_306' title='bbox 696 4064 792 4126; x_wconf 83' lang='lat' dir='ltr'>auller</span> <span class='ocrx_word' id='word_1_307' title='bbox 815 4063 893 4127; x_wconf 89' lang='lat' dir='ltr'>aller</span> <span class='ocrx_word' id='word_1_308' title='bbox 916 4063 1083 4141; x_wconf 79' lang='lat' dir='ltr'>vernunst,</span> <span class='ocrx_word' id='word_1_309' title='bbox 1115 4063 1171 4126; x_wconf 89' lang='lat' dir='ltr'>das</span> <span class='ocrx_word' id='word_1_310' title='bbox 1194 4062 1353 4128; x_wconf 78' lang='lat' dir='ltr'>‘leutsch-</span> 
     </span>
     <span class='ocr_line' id='line_1_37' title="bbox 196 4164 1356 4251; baseline 0.003 -21"><span class='ocrx_word' id='word_1_311' title='bbox 196 4164 282 4244; x_wconf 83' lang='lat' dir='ltr'>lnnd,</span> <span class='ocrx_word' id='word_1_312' title='bbox 306 4165 528 4244; x_wconf 85' lang='lat' dir='ltr'>Franckreich,</span> <span class='ocrx_word' id='word_1_313' title='bbox 552 4165 692 4250; x_wconf 84' lang='lat' dir='ltr'>Spanien</span> <span class='ocrx_word' id='word_1_314' title='bbox 715 4167 781 4231; x_wconf 93' lang='lat' dir='ltr'>und</span> <span class='ocrx_word' id='word_1_315' title='bbox 804 4168 919 4233; x_wconf 84' lang='lat' dir='ltr'>andere</span> <span class='ocrx_word' id='word_1_316' title='bbox 946 4166 1153 4251; x_wconf 72' lang='lat' dir='ltr'>&#39;samptlich</span> <span class='ocrx_word' id='word_1_317' title='bbox 1176 4166 1252 4230; x_wconf 88' lang='lat' dir='ltr'>oder</span> <span class='ocrx_word' id='word_1_318' title='bbox 1271 4166 1356 4233; x_wconf 86' lang='lat' dir='ltr'>auch</span> 
     </span>
    </p>
   </div>
   <div class='ocr_carea' id='block_1_3' title="bbox 268 4390 1105 4463">
    <p class='ocr_par' dir='ltr' id='par_1_3' title="bbox 268 4390 1105 4463">
     <span class='ocr_line' id='line_1_38' title="bbox 268 4390 1105 4463; baseline 0.001 -16"><span class='ocrx_word' id='word_1_319' title='bbox 268 4395 281 4447; x_wconf 95' lang='lat' dir='ltr'>l</span> <span class='ocrx_word' id='word_1_320' title='bbox 302 4390 386 4447; x_wconf 86' lang='lat' dir='ltr'>leren</span> <span class='ocrx_word' id='word_1_321' title='bbox 459 4393 568 4445; x_wconf 71' lang='lat' dir='ltr'>estate</span> <span class='ocrx_word' id='word_1_322' title='bbox 587 4392 603 4445; x_wconf 80' lang='lat'><strong>2</strong></span> <span class='ocrx_word' id='word_1_323' title='bbox 622 4390 665 4444; x_wconf 87' lang='lat' dir='ltr'>bis</span> <span class='ocrx_word' id='word_1_324' title='bbox 683 4393 717 4458; x_wconf 70' lang='grc' dir='ltr'>’μ</span> <span class='ocrx_word' id='word_1_325' title='bbox 735 4410 845 4448; x_wconf 84' lang='lat' dir='ltr'>summa</span> <span class='ocrx_word' id='word_1_326' title='bbox 863 4395 967 4463; x_wconf 76' lang='lat' dir='ltr'>gantae</span> <span class='ocrx_word' id='word_1_327' title='bbox 984 4392 1105 4462; x_wconf 80' lang='lat' dir='ltr'>Europa.</span> 
     </span>
    </p>
   </div>
   <div class='ocr_carea' id='block_1_4' title="bbox 0 0 1430 5018">
    <p class='ocr_par' dir='ltr' id='par_1_4' title="bbox 0 0 1430 5018">
     <span class='ocr_line' id='line_1_39' title="bbox 0 0 1430 5018; baseline 0 1"><span class='ocrx_word' id='word_1_328' title='bbox 0 0 1430 5018; x_wconf 95' lang='lat' dir='ltr'> </span> 
     </span>
    </p>
   </div>
  </div>
 </body>
</html>
