2850 5018
687 343 749 405 139

222 512 400 598 Postquam
423 515 489 580 haec
512 518 604 579 tanta
626 513 728 598 caligo
751 513 874 578 litteras
891 517 925 578 et
941 517 1024 578 artes
1041 536 1150 580 omnes
1162 516 1290 592 invasit,

130 640 261 702 magnae
285 642 410 703 quoque
433 619 572 684 tenebrae
593 623 669 683 sunt
690 622 863 682 consecuta
879 620 911 683 in
930 619 1084 704 religione
1099 624 1132 685 et
1147 621 1292 686 doctrina

130 724 356 799 ecclesiastiea.
390 724 433 788 Elt
448 729 605 808 quantum
621 724 660 787 ad
677 723 935 806 depravationem
959 723 1139 790 litterarum
1162 726 1289 803 attinet,

131 829 180 893 rel
204 833 391 894 nostrorum
413 833 592 913 temporum
615 851 705 893 senes
729 829 787 892 hoc
803 829 907 911 ipsum
924 851 988 893 non
1006 831 1164 914 ignorant.
1200 832 1290 909 Quod

131 940 240 1000 autem
265 937 385 1000 artium
414 937 519 1001 studia
549 956 701 1019 magnum
731 934 877 998 adferant
907 940 1105 1000 momentum
1128 936 1168 1000 ad
1191 935 1288 1000 ecole-

133 1041 297 1106 siasticam
321 1042 630 1106 administrationem
654 1040 733 1105 bene
755 1041 943 1125 gerendam,
978 1039 1093 1104 hocin
1117 1062 1175 1105 sua
1198 1041 1289 1104 domo

134 1147 239 1230 quivis
255 1146 485 1232 paterfamilias
501 1145 661 1229 privatim,
678 1150 710 1208 et
726 1144 850 1228 publice
866 1145 1073 1229 magistratus
1090 1144 1150 1228 ipsi
1166 1148 1287 1210 testan-

134 1255 195 1318 tur.
247 1252 471 1316 adolescentes
494 1251 579 1314 enim
603 1250 719 1314 idcirco
742 1249 900 1312 mittimus
929 1249 963 1312 in
995 1249 1176 1314 litterarum
1198 1249 1289 1314 ludos

132 1359 164 1419 et
187 1356 229 1419 ad
252 1361 470 1440 praeceptores,
493 1358 531 1420 ut
552 1355 736 1440 cognitione
757 1355 911 1418 honarum
936 1377 1041 1419 rerum
1065 1355 1199 1433 exculti,
1222 1377 1288 1419 me·

133 1460 196 1524 lius
221 1465 254 1524 et
277 1460 469 1527 fructuosius
493 1461 670 1525 inserviant
692 1460 831 1524 ecclesiis
854 1464 886 1523 et
908 1459 1098 1543 reipublicae.

134 1565 193 1629 Elst
216 1565 319 1650 igitur
341 1588 394 1644 ea,
427 1589 521 1650 quam
546 1565 696 1643 diximus,
730 1566 843 1650 ingens
870 1566 1013 1649 quaedam
1043 1567 1225 1642 calamitas,
1258 1568 1290 1629 et

134 1674 227 1735 tanta
250 1672 395 1755 quidem,
425 1676 461 1735 ut
483 1694 502 1735 a
525 1671 637 1735 diluvii
660 1675 817 1754 tempore,
849 1693 911 1755 quo
934 1675 1019 1736 totus
1044 1671 1095 1736 hic
1117 1671 1202 1736 orbis
1225 1670 1289 1734 fuit

133 1775 297 1840 involutus
315 1780 347 1840 et
362 1777 494 1841 obrutus
507 1776 609 1853 undis,
634 1775 722 1840 nulla
744 1775 842 1839 fuerit
863 1776 973 1859 major,
998 1777 1095 1840 immo
1110 1797 1169 1849 nee
1187 1775 1288 1858 major

134 1901 199 1944 esse
225 1885 331 1964 queat,
355 1886 478 1946 tantam
502 1883 647 1948 videlicet
670 1905 705 1948 ac
728 1885 792 1946 tam
814 1883 972 1948 illustrem
997 1882 1212 1948 monarchiam
1236 1881 1287 1945 in·

134 1986 260 2051 teriisse
283 2010 380 2071 prope
403 1992 514 2068 totam,
536 2001 568 2053 et
590 2012 654 2054 una
676 2011 747 2053 cum
771 1988 836 2071 ejus
859 1988 993 2052 interitu
1010 1987 1176 2071 praeclaras
1192 1986 1287 2051 etiam

135 2095 219 2155 artes
241 2114 279 2156 ao
302 2115 409 2158 veram
433 2095 470 2158 de
485 2094 641 2179 religione
656 2094 833 2158 doctrinam
848 2081 990 2158 amisisse
1007 2093 1099 2157 decus
1114 2095 1146 2156 et
1161 2112 1287 2157 omnem

136 2218 229 2261 suum
253 2198 462 2280 splendorem.
510 2200 587 2276 Qua
620 2199 721 2281 possit
749 2197 834 2262 enim
864 2199 928 2262 alia
957 2199 1081 2263 evenire
1104 2195 1288 2262 horribilior

135 2302 257 2379 clades,
293 2324 365 2366 cum
388 2303 422 2366 in
446 2303 538 2367 rebus
559 2303 708 2368 humanis
739 2303 821 2366 nihil
852 2305 895 2367 sit
924 2304 974 2368 vel
999 2305 1111 2368 melius
1133 2303 1182 2367 vel
1205 2322 1287 2384 prae·

135 2408 273 2472 stantius
297 2408 345 2472 vel
370 2409 535 2493 augustius
559 2431 652 2493 quam
672 2409 739 2472 haec
754 2409 832 2492 ipsa,
856 2409 1043 2494 religionem
1059 2409 1138 2487 dico,
1161 2408 1286 2502 litteras

703 2530 720 2570 a

135 2617 209 2682 Und
232 2617 315 2682 nach
339 2617 477 2682 salchem
500 2619 665 2703 gemeineu
689 2620 861 2684 verderhen
885 2619 979 2683 deren
995 2620 1145 2695 kdnsten,
1170 2616 1221 2700 [5]
1244 2615 1287 2679 ist

135 2722 256 2787 alabald
280 2722 350 2789 eine
372 2745 480 2808 grosse
502 2724 664 2788 finsternis
681 2723 713 2787 in
731 2725 786 2788 der
797 2724 956 2808 Religion,
980 2723 1046 2787 und
1062 2722 1132 2788 dem
1149 2724 1286 2807 gantzen

134 2826 375 2910 Kirchenampt,
398 2828 548 2913 gefolget.
580 2827 644 2893 Das
661 2852 727 2893 nun
743 2829 865 2894 solcher
881 2830 983 2913 jamer
1006 2830 1039 2893 in
1063 2829 1123 2893 den
1146 2829 1286 2891 klinsten

135 2933 196 2997 und
221 2933 364 2997 derdere
387 2955 529 3018 gewesen
554 2934 606 3014 ist,
629 2936 693 3000 und
718 2935 766 3000 his
788 2939 827 3000 ad
850 2928 985 2999 unseren
1008 2935 1110 2998 zeiten
1126 2931 1286 3018 genehret

135 3035 197 3115 hat,
222 3037 272 3102 dis
296 3044 408 3123 mdgen
432 3039 481 3103 die
504 3039 588 3103 alten
613 3040 780 3124 bezeugen.
811 3039 876 3104 Das
899 3041 974 3104 aber
999 3039 1079 3105 auch
1101 3039 1173 3103 dem
1195 3037 1286 3102 rech·

134 3147 185 3208 ten
208 3144 433 3228 kirchenampt
455 3146 519 3208 und
542 3144 707 3229 Religion,
741 3169 781 3211 an
812 3146 872 3209 den
896 3147 1032 3210 ktinsten
1057 3144 1120 3207 und
1144 3144 1199 3207 der
1220 3142 1285 3205 lere

134 3251 174 3314 vil
196 3250 331 3336 gelegen
352 3271 422 3334 sey,
458 3251 512 3315 das
543 3256 653 3335 neuget
682 3251 732 3316 ein
763 3252 848 3316 ieder
871 3256 975 3317 vatter
998 3251 1031 3314 in
1055 3251 1173 3314 seinem
1195 3248 1284 3324 haus,

134 3355 183 3421 ein
207 3355 276 3420 iede
300 3353 451 3419 Oberheit
473 3355 505 3417 in
531 3355 608 3418 irem
623 3354 756 3440 gebiete.
788 3355 880 3420 Denn
905 3357 955 3420 die
977 3356 1091 3420 kinder
1112 3354 1190 3419 thdt
1210 3373 1284 3416 man

133 3483 187 3525 zur
209 3460 361 3537 schillen,
396 3460 496 3524 damit
517 3461 562 3524 sie
585 3460 674 3524 recht
698 3460 762 3524 und
785 3461 846 3525 wol
879 3461 1112 3537 underrichtet,
1145 3460 1200 3523 der
1224 3457 1285 3523 Ge-

133 3566 281 3630 meinden
305 3565 369 3629 und
392 3564 446 3629 der
468 3565 628 3641 Kirchen,
664 3565 810 3651 folgends
834 3567 922 3630 desto
945 3567 1002 3633 bas
1025 3568 1138 3632 dienen
1160 3571 1284 3650 mdgen.

218 3669 261 3736 So
285 3671 328 3735 ist
351 3693 415 3734 nun
441 3671 496 3735 das
520 3672 570 3735 ein
593 3671 799 3736 mercklicher
818 3673 930 3755 jamer,
954 3672 1153 3755 desgleichen
1168 3670 1286 3734 seither

133 3775 186 3840 der
208 3775 359 3842 Sondflut.
381 3775 491 3840 keiner
514 3777 566 3841 nie
588 3798 732 3861 genesen
754 3779 814 3854 ist,
848 3779 955 3843 m'ocht
985 3778 1065 3842 auch
1088 3778 1138 3840 nit
1160 3781 1286 3861 grdsser

133 3881 210 3958 sein,
235 3880 393 3957 namlich,
428 3881 484 3946 das
514 3883 583 3946 eine
607 3883 712 3947 solche
735 3882 945 3967 Monarchey,
982 3883 1045 3946 und
1070 3880 1286 3964 Majestetisch

133 4007 257 4064 wesen,
292 4007 350 4070 gar
382 3990 420 4051 nd
451 3987 552 4050 boden
587 4007 714 4071 gangen
746 3988 809 4064 ist,
847 3988 912 4052 und
942 3989 997 4052 das
1027 3988 1069 4050 im
1094 3986 1201 4051 selben
1224 3986 1285 4050 alle

134 4091 288 4170 hlinsten,
312 4091 377 4155 und
400 4092 479 4156 eben
503 4092 553 4156 die
576 4092 747 4178 Religion,
784 4093 866 4157 auch
887 4091 1125 4157 verderblichen
1147 4090 1282 4154 schaden

134 4198 324 4282 empfangen
348 4198 460 4263 haben:
510 4198 580 4262 Wie
603 4200 711 4263 mdcht
734 4204 860 4284 grdsser
882 4199 985 4264 ellend
1012 4196 1161 4262 entstehn
1176 4243 1198 4276 ,¹
1217 4194 1283 4258 die-

134 4301 202 4366 weil
226 4301 317 4366 niehs
339 4307 479 4386 grdssers
502 4305 569 4368 auff
588 4306 683 4369 erden
703 4305 770 4369 sein
787 4305 861 4383 han,
884 4306 987 4370 weder
1002 4303 1178 4389 obgemelte
1194 4303 1283 4388 ding,

136 4407 291 4486 namlich,
323 4408 379 4475 das
401 4408 517 4492 Reich,
547 4410 664 4478 kanste
686 4411 752 4478 und
775 4410 947 4499 Religion?
991 4410 1084 4476 Diser
1102 4409 1204 4497 jamer
1226 4406 1284 4479 hat·
