2850 5018
767 359 831 422 218

223 531 352 597 illorum
372 532 459 616 leges
481 534 578 613 atque
599 532 842 596 constitutiones
866 533 993 613 oportet
1014 530 1060 595 sic
1081 552 1150 595 esse
1171 535 1374 614 temperatas,

225 641 262 702 ut
284 642 455 721 appareat,
490 635 572 699 nihil
606 657 659 700 eos
688 636 774 701 aliud
798 640 955 720 spectasse
977 658 1072 719 quarn
1095 637 1207 721 populi
1230 637 1374 712 salutem,

225 747 261 806 ut
282 744 408 807 nullum
431 744 463 806 iu
488 742 533 806 eis
556 741 809 824 deprehendatur
832 742 980 807 malevoli
1002 741 1102 806 animi
1124 743 1316 827 vestigium,
1344 742 1375 805 id

224 849 306 932 quod
330 849 476 932 tyrannis
498 847 661 930 proprium
683 853 750 923 est,
786 847 841 929 qui
869 846 1017 911 ferociter
1039 851 1072 911 et
1094 847 1265 931 imperiose
1287 869 1376 911 man·

224 953 320 1030 dant,
354 976 412 1017 nec
434 957 540 1018 tamen
564 952 664 1016 ullam
686 951 900 1035 probabilem,
935 973 1059 1035 aequam
1080 955 1137 1015 aut
1159 952 1281 1016 rationi
1302 973 1375 1016 con·

224 1062 406 1121 senteneam
428 1079 553 1122 eausam
576 1057 733 1121 adferunt.
766 1057 913 1122 Habendi
935 1061 1012 1120 sunt
1031 1057 1132 1142 igitur
1149 1061 1183 1121 et
1197 1057 1375 1123 aestimandi

224 1163 389 1247 pontifices
418 1166 569 1244 tauquam
602 1161 743 1226 seditiosi
774 1163 856 1226 cives
888 1162 974 1227 orbis
997 1160 1192 1238 Christiani,
1227 1163 1375 1244 quonian

223 1267 300 1344 illa,
334 1288 404 1349 quae
426 1288 512 1330 nunc
534 1289 553 1330 a
575 1267 697 1332 saeculis
720 1268 843 1351 aliquot
865 1266 1030 1345 fecerunt,
1065 1266 1191 1332 decreta
1214 1269 1375 1352 pertinent

224 1372 353 1435 omnino
376 1372 415 1435 ad
438 1372 579 1455 ipsorum
601 1373 741 1455 privatas
763 1372 1013 1450 commoditates,
1037 1375 1070 1435 et
1084 1371 1218 1455 reliquis
1231 1374 1374 1438 omnibus

224 1476 389 1540 ordinibus
412 1477 506 1560 plane
528 1482 605 1541 sunt
626 1477 863 1556 intolerabilia,
899 1483 935 1541 ut
964 1480 1091 1542 constat
1119 1497 1186 1540 non
1217 1500 1258 1542 ex
1289 1477 1373 1543 libris

223 1583 360 1658 tantum,
384 1581 438 1644 sed
461 1603 499 1646 ex
521 1584 715 1665 quotidianis
739 1584 879 1666 ipsorum
902 1583 1089 1661 actionibus,
1113 1605 1184 1667 quae
1207 1583 1291 1647 tales
1314 1603 1372 1646 orn·

225 1687 302 1750 nino
323 1693 409 1764 sunt,
432 1692 468 1752 ut
491 1690 655 1773 negotium
677 1689 771 1754 hodie
793 1688 952 1754 facessant
973 1688 1083 1752 multis
1099 1692 1131 1752 et
1149 1689 1371 1773 praestantibus

227 1790 312 1854 viris.
358 1790 442 1857 Nam
473 1794 672 1877 inaequalitas
708 1795 764 1858 illa
797 1816 915 1879 magna
945 1815 1010 1858 non
1040 1797 1148 1878 potest
1179 1816 1248 1858 non
1271 1816 1373 1878 parere

230 1896 409 1961 animorum
432 1899 664 1965 alienationem.
896 1900 899 1905 ’

315 2004 376 2067 Sed
399 2026 487 2083 ecce,
511 2007 637 2088 quando
661 2006 864 2090 pontificatus
886 2003 1040 2069 honorem
1062 2005 1266 2087 suscipiunt,
1295 2007 1372 2089 jure·

223 2106 359 2190 jurando
382 2110 582 2182 confirmant.
606 2133 674 2175 sese
695 2112 933 2190 observaturos,
958 2132 1028 2195 quae
1050 2132 1108 2195 pro
1131 2111 1295 2195 dignitate
1317 2112 1373 2176 Ro-

225 2235 327 2277 manae
350 2215 431 2277 sedis
454 2218 628 2281 constituta
657 2220 732 2281 sunt
762 2218 991 2300 amajoribuS,
1025 2216 1085 2280 hoc
1107 2220 1172 2280 est:
1198 2217 1373 2281 inconsulto

224 2320 274 2384 vel
298 2342 363 2384 non
385 2322 578 2385 assentiente
600 2322 809 2387 cardinalium
830 2328 954 2400 senatu,
977 2321 1060 2386 nihil
1084 2325 1276 2386 mutaturos.
1313 2321 1374 2384 Hoc

222 2426 460 2509 jusjurandum,
490 2428 518 2489 si
537 2427 604 2510 jam
626 2428 700 2492 inde
722 2450 742 2492 a
763 2428 938 2511 primordio
962 2427 1115 2503 Romanae
1136 2426 1278 2491 ecclesia
1299 2448 1374 2490 sem·

225 2553 281 2615 per
304 2532 422 2609 extitit,
442 2532 508 2613 jam
532 2539 616 2596 certe
634 2553 752 2610 omnes,
776 2531 830 2614 qui
849 2531 980 2596 fuerunt
995 2553 1014 2596 a
1029 2531 1117 2594 mille
1133 2530 1373 2616 quadringentis

793 2654 811 2693 a

225 2742 343 2825 trttzig
371 2742 540 2827 gebieten,
573 2743 638 2806 und
669 2742 748 2806 doch
775 2742 868 2806 heina
900 2741 1037 2806 redliehe
1071 2740 1187 2804 ursach
1216 2741 1374 2825 anzeigen.

226 2847 369 2912 Darumb
391 2851 462 2913 mds
485 2870 557 2912 man
583 2846 662 2911 auch
686 2848 736 2911 die
758 2846 877 2924 B'dbst,
907 2845 954 2911 als
976 2840 1156 2912 auffrhdrer
1178 2846 1245 2909 und
1269 2845 1376 2910 11111111-

225 2954 307 3017 liehe
329 2953 431 3037 glider
455 2953 508 3015 des
524 2951 735 3016 Christlichen
755 2952 905 3028 beairclrs,
928 2950 1038 3016 halten
1056 2950 1120 3014 und
1135 2949 1264 3026 achten,
1288 2951 1375 3015 dweil

224 3061 286 3125 alle
309 3061 355 3124 ire
377 3060 581 3143 ordnungeu,
615 3059 665 3124 die
687 3059 734 3122 sie
755 3081 824 3123 nun
846 3059 965 3123 seither
986 3058 1101 3122 etliche
1125 3056 1269 3122 hundert
1287 3058 1373 3141 jaren

225 3165 388 3251 gemacht,
413 3165 480 3230 iren
504 3165 597 3228 stand
619 3165 685 3228 und
707 3185 810 3228 wesen
833 3164 1028 3242 betreffend,
1061 3167 1100 3228 ad
1116 3163 1218 3228 ihrem
1245 3162 1377 3228 vortheil

225 3273 338 3349 allein,
371 3272 435 3334 und
460 3273 552 3334 sunst
573 3270 657 3334 allen
681 3270 820 3334 anderen
843 3270 999 3347 stenden,
1031 3291 1102 3332 zum
1125 3273 1259 3352 grbsten
1283 3268 1377 3332 nach·

225 3376 302 3440 theil
326 3377 391 3438 und
414 3375 624 3440 beschwernis
647 3373 795 3458 gemacht
817 3373 900 3451 sind,
924 3373 989 3436 und
1012 3374 1130 3458 trdtzig
1145 3373 1376 3458 auffgerichtct,

226 3505 266 3546 on
291 3481 352 3546 alle
375 3482 554 3565 billigheit,
578 3481 652 3544 Wie
675 3481 760 3544 dann
782 3481 887 3545 solcbs
908 3481 1005 3558 alles,
1040 3479 1090 3542 nit
1112 3477 1210 3542 allein
1234 3501 1292 3544 aus
1305 3479 1377 3543 iren

227 3584 403 3664 blichereu,
437 3588 552 3650 sonder
582 3586 662 3651 auch
685 3608 742 3650 aus
765 3587 853 3663 dem,
889 3586 945 3650 das
968 3608 1040 3649 man
1064 3583 1185 3667 taglieh
1210 3584 1297 3649 sihet
1318 3584 1378 3648 und

226 3693 352 3769 erfaret,
377 3692 618 3757 unverneinlich
640 3692 692 3769 ist,
715 3691 795 3754 auch
819 3690 874 3754 der
891 3712 1025 3767 massen,
1050 3690 1105 3754 das
1122 3690 1184 3753 ieta
1200 3691 1254 3754 die
1268 3696 1378 3776 gantae

225 3799 300 3861 welt
323 3799 354 3860 in
379 3793 496 3862 rothen
520 3796 586 3861 und
608 3796 751 3861 arbeiten
774 3795 895 3873 stehet,
930 3796 996 3860 und
1027 3794 1199 3859 derhalben
1223 3796 1285 3859 mit
1308 3795 1377 3858 ineo

225 3907 263 3966 alr
286 3902 367 3965 thun
391 3902 453 3967 hat.
502 3903 595 3967 Denn
626 3903 691 3966 dise
721 3922 830 3987 grosse
852 3901 1047 3986 ungleicheit
1080 3900 1143 3963 han
1174 3900 1291 3964 andere
1322 3899 1376 3975 nit,

226 4008 310 4070 daun
334 4008 485 4072 unwillen
509 4008 574 4072 und
597 4008 725 4072 verdros
748 4007 894 4091 geberen.

225 4112 268 4173 W
270 4134 331 4176 enn
355 4113 400 4176 sie
423 4135 467 4176 nu
481 4136 552 4176 zum
569 4113 746 4178 Babstumb
768 4113 894 4188 hornen,
918 4108 1042 4175 mlisseu
1068 4111 1112 4173 sie
1135 4111 1299 4174 schweren
1322 4110 1377 4172 ircr

225 4218 370 4283 vorlaren
395 4218 549 4283 Decreten
571 4222 610 4282 ad
632 4218 763 4294 halten,
799 4218 854 4280 das
878 4218 937 4293 ist,
972 4216 1034 4279 ohn
1060 4216 1132 4298 [49]
1155 4216 1377 4300 rerwillignug

226 4324 280 4387 des
303 4322 498 4400 Consistori,
533 4325 583 4388 nit
614 4324 751 4388 dawider
781 4327 819 4387 zlr
842 4323 933 4387 thdn.
980 4321 1029 4384 Ist
1058 4342 1102 4383 nu
1131 4321 1216 4384 diser
1239 4319 1300 4385 Eid
1322 4319 1376 4384 alle

225 4429 302 4506 neit,
325 4429 381 4493 das
404 4430 463 4507 ist,
499 4451 560 4494 von
582 4427 703 4513 anfang
726 4429 780 4494 der
805 4427 995 4492 ltbmischen
1016 4425 1194 4490 Biseh'o'ven
1227 4446 1375 4512 genesen,
