2850 5018
686 348 747 410 198

140 519 276 596 vindex,
311 519 450 603 ipsorum
485 521 591 583 tamen
624 519 773 585 ferociam
804 523 837 584 et
866 519 1103 603 improbitatem
1136 544 1203 587 nou
1224 523 1291 590 tore

140 625 333 689 diuturnam.
365 622 532 688 Persarum
548 624 726 707 imperium,
750 624 797 688 ait
810 623 914 703 Plato,
937 625 1153 710 corrusstlisse
1175 632 1289 708 totum,

139 753 176 794 eo
199 731 282 815 quod
306 731 401 795 nimis
425 751 543 814 magna
564 732 716 796 servitute
738 733 934 814 premeretur
956 731 1101 816 populus.
1139 732 1192 799 Ita
1213 757 1290 818 quo·

140 859 200 921 que
222 835 367 901 futurum
388 841 437 901 est
459 835 555 900 dubio
578 839 704 919 procul,
735 839 773 899 ut
794 839 827 899 et
848 836 980 901 istorum
1004 837 1290 921 impotentissimus

139 941 318 1007 dominatus
340 941 487 1017 intereat,
511 940 585 1023 quia
607 962 704 1025 supra
726 941 853 1005 modum
876 945 924 1006 est
945 942 1115 1021 violentus,
1145 947 1187 1024 et,
1213 967 1288 1030 quo·

138 1048 226 1113 niam
249 1048 333 1112 flecti
355 1069 419 1111 non
443 1051 557 1131 potest,
581 1047 613 1110 vi
634 1050 671 1110 ut
693 1051 860 1129 rumpatur
882 1053 1016 1132 oportet.

224 1154 276 1218 Ad
298 1154 419 1218 exitum
441 1157 624 1240 properant,
652 1156 684 1217 et
705 1153 740 1216 in
764 1175 853 1217 suam
876 1155 938 1238 ipsi
961 1155 1088 1220 ruinam
1110 1157 1289 1241 praecipites

140 1259 296 1337 teruntur,
320 1261 449 1343 ejusque
465 1258 510 1323 rei
526 1257 907 1343 manifestioraquotidie
915 1261 1068 1343 praebent
1089 1266 1288 1346 argumenta

141 1365 202 1443 Qui
225 1387 309 1430 nunc
330 1387 435 1430 rerum
459 1365 590 1449 potitur,
614 1363 731 1429 Paulus
752 1364 883 1444 tertius,
919 1366 952 1428 in
976 1366 1015 1430 iis
1037 1366 1179 1445 litteris,
1214 1391 1289 1453 quas

139 1494 239 1555 nuper
262 1471 300 1536 sd
323 1474 473 1555 quartum
496 1469 641 1534 calendas
662 1468 795 1535 Martias
818 1471 905 1536 dedit
926 1472 966 1536 ad
988 1472 1152 1555 quosdam,
1181 1474 1217 1539 in
1238 1496 1287 1540 co·

13 1602 16 1608 ’
140 1579 231 1643 mitio
244 1577 354 1660 Spirae,
366 1576 544 1641 Germaniae
555 1576 723 1660 principes,
738 1576 895 1661 originem
906 1578 1121 1643 communium
1134 1580 1287 1646 malorum

139 1683 237 1748 refert
252 1683 290 1747 ad
306 1681 392 1747 bella
406 1680 596 1765 dissidiaque
618 1702 740 1766 regum,
762 1685 795 1745 et
806 1681 929 1758 scribit,
951 1686 1025 1748 ante
1040 1683 1108 1750 haec
1121 1685 1218 1763 bella,
1235 1708 1288 1752 nec

138 1789 173 1853 in
184 1787 354 1852 Germania
366 1786 508 1851 extitisse
518 1785 651 1851 haereses
664 1807 721 1850 nec
732 1786 764 1850 in
775 1785 955 1851 Pannonias
965 1786 1157 1874 Italiamque
1167 1793 1288 1857 venisse

138 1895 265 1963 Turcss.
302 1891 437 1957 Unicum
454 1892 556 1977 igitur
571 1895 603 1956 et
618 1890 775 1956 summum
791 1914 859 1957 esse
874 1893 1045 1958 remedium
1067 1894 1156 1973 dicit,
1181 1901 1220 1961 ut
1234 1918 1287 1981 po·

702 2033 720 2071 a

138 2142 229 2225 [130]
254 2141 351 2206 Paule
373 2141 552 2215 troisieme‚
588 2140 643 2222 qui
673 2145 721 2203 est
751 2143 771 2203 o
799 2142 929 2222 present
950 2139 1054 2224 Papa,
1089 2164 1153 2207 aux
1179 2143 1286 2209 lettres

137 2248 213 2330 qu’il
248 2270 267 2309 a
301 2245 528 2310 freischement
562 2245 690 2309 eserites
723 2245 752 2308 lc
786 2245 1009 2328 vingtsixiemc
1042 2249 1079 2312 de
1109 2247 1239 2314 Fevrier
1269 2253 1287 2313 t

138 2353 288 2436 quelques
311 2352 441 2416 Princes
464 2350 672 2431 d'Alemaguc
705 2351 759 2434 qui
792 2354 939 2436 estoyent
966 2373 1005 2415 en
1037 2352 1070 2417 la
1097 2353 1229 2435 journee
1252 2356 1286 2420 de

136 2456 236 2538 Spire‚
260 2457 373 2538 rejette
396 2456 542 2537 l'origiue
565 2455 618 2518 des
640 2478 734 2519 maur
758 2477 921 2520 commune
944 2477 1005 2519 aux
1027 2477 1157 2539 guerres
1179 2464 1212 2525 et
1227 2459 1285 2524 dif-

136 2562 241 2627 ferens
273 2562 326 2626 des
351 2561 446 2625 Rois:
478 2564 509 2624 et
541 2560 590 2624 dit
623 2581 683 2644 que
713 2560 829 2624 devant
847 2563 905 2624 'ces
928 2581 1056 2643 guerras
1079 2561 1103 2625 il
1126 2566 1184 2648 n’y
1204 2565 1285 2630 auoit

135 2667 271 2730 beresies
301 2688 338 2730 en
371 2665 564 2748 Alemagne‚
596 2685 637 2727 ne
659 2663 759 2728 Turcs
791 2686 830 2728 en
854 2663 998 2750 Hongrie
1031 2687 1070 2730 ou
1095 2665 1200 2735 Italic.
1244 2668 1284 2735 Ie

136 2773 200 2835 seul
227 2773 308 2836 douc
330 2775 363 2836 et
385 2771 547 2835 souverain
572 2770 695 2834 remede
718 2774 809 2848 estre,
833 2793 894 2854 que
913 2771 958 2836 les
974 2792 1124 2854 courages
1142 2773 1196 2838 des
1212 2773 1284 2839 Rois

703 2909 720 2948 ›l‘

136 3019 208 3101 [58]
233 3015 330 3080 Paulo
354 3014 451 3079 tercio
481 3036 541 3097 que
573 3037 670 3099 agore
698 3019 766 3080 esta
796 3038 835 3081 en
865 3016 897 3081 la
925 3017 999 3081 silla
1020 3016 1213 3097 Pontifical‚
1248 3042 1284 3085 eu

135 3122 260 3204 squella
282 3125 370 3185 carta
392 3118 491 3184 hecha
513 3142 531 3183 a
554 3125 667 3205 veynte
689 3144 710 3205 y
732 3143 804 3205 seys
825 3121 863 3184 de
885 3121 1036 3200 hebrero,
1067 3144 1129 3206 que
1162 3124 1192 3188 el
1217 3128 1282 3189 otro

135 3227 186 3290 dia
209 3226 339 3291 escrivio
362 3249 381 3289 a
407 3219 545 3309 algunos'
563 3224 726 3310 Principes
761 3226 798 3289 de
823 3226 990 3291 Alemania
1019 3250 1038 3290 a
1067 3226 1099 3291 la
1121 3227 1219 3294 Dicta
1250 3230 1284 3293 de

41 3380 44 3384 .
134 3330 258 3414 Espira,
283 3330 438 3414 atrybuye
460 3329 487 3392 el
512 3329 622 3413 origen
645 3330 683 3394 de
707 3330 796 3394 todos
819 3335 903 3395 estus
925 3351 1073 3396 comunes
1092 3333 1192 3398 males
1208 3357 1228 3400 a
1242 3334 1284 3398 las

134 3456 264 3517 guerras
287 3458 308 3518 y
331 3434 540 3499 dissensiones
562 3437 600 3526 de
621 3436 668 3500 los
691 3436 810 3521 Reyes‚
835 3461 856 3522 y
879 3437 998 3502 escrive
1022 3460 1083 3521 que
1106 3441 1198 3503 autes
1228 3461 1283 3523 qus

134 3540 255 3602 uviesse
278 3543 360 3603 estas
383 3561 523 3623 guerras,
548 3541 581 3603 ni
604 3541 675 3605 avia
697 3541 788 3604 avido
812 3542 956 3624 heregias
980 3565 1018 3606 eu
1042 3541 1230 3622 memsuis,
1253 3544 1282 3609 ni

133 3643 162 3706 el
184 3642 287 3708 Turco
310 3644 380 3708 avia
402 3645 515 3708 veuido
546 3645 727 3729 aUngria‚
761 3646 795 3709 ui
826 3645 971 3711 altalia.
1017 3646 1174 3713 Portanto
1208 3650 1282 3726 dire,

133 3770 182 3811 ser
205 3749 233 3812 el
255 3751 349 3814 unico
372 3774 394 3835 y
415 3749 529 3814 ultimo
551 3751 773 3833 remedioque
803 3773 836 3816 se
866 3751 1055 3816 reconcilien
1086 3751 1135 3817 los
1163 3754 1282 3819 animos

700 3888 717 3926 ‘l‘

134 3989 282 4055 bestehen
307 3993 422 4056 wtirde.
460 3991 525 4056 Der
541 3991 686 4076 K'onigen
710 4015 765 4056 aus
786 3992 915 4057 Persien
938 3994 1123 4060 Monarohei
1148 3999 1213 4062 und
1237 4020 1281 4063 re·

132 4095 255 4174 giment
280 4097 320 4160 ist
342 4119 400 4181 gar
423 4100 461 4160 ml
484 4096 584 4165 boden
609 4118 752 4180 gangen,
776 4103 849 4182 segt
871 4097 981 4174 Plato,
1005 4100 1140 4166 darumb
1164 4102 1282 4168 dessio

132 4198 187 4261 das
210 4200 300 4263 volck
323 4201 356 4263 in
379 4221 521 4285 grossem
544 4201 779 4285 untriiglichem
808 4201 958 4287 bczwang
987 4205 1053 4269 uud
1076 4206 1281 4290 cigenthdmb

132 4301 261 4365 hielten.
310 4304 385 4367 Also
408 4304 481 4368 wirt
504 4304 552 4368 dis
576 4304 656 4370 auch
679 4306 832 4383 brechen‚
866 4308 1014 4375 sintemal
1046 4311 1131 4376 sichs
1153 4313 1208 4378 nie
1231 4313 1281 4377 hat

111 4406 244 4476 'wellen
269 4407 392 4499 biegem
416 4409 529 4476 souder
551 4413 623 4477 zum
647 4412 724 4479 aller
747 4411 902 4479 steiffsten
925 4414 1176 4504 auffgespauuen
1201 4419 1251 4484 ist.
