<?xml version="1.0" encoding="UTF-8"?>
<!DOCTYPE html PUBLIC "-//W3C//DTD XHTML 1.0 Transitional//EN"
    "http://www.w3.org/TR/xhtml1/DTD/xhtml1-transitional.dtd">
<html xmlns="http://www.w3.org/1999/xhtml" xml:lang="en" lang="en">
 <head>
  <title>
</title>
<meta http-equiv="Content-Type" content="text/html;charset=utf-8" />
  <meta name='ocr-system' content='tesseract 3.04.00' />
  <meta name='ocr-capabilities' content='ocr_page ocr_carea ocr_par ocr_line ocrx_word'/>
</head>
<body>
  <div class='ocr_page' id='page_1' title='image "./zweiredenankais00sleigoog/zweiredenankais00sleigoog_0021.png"; bbox 0 0 2850 5018; ppageno 0'>
   <div class='ocr_carea' id='block_1_1' title="bbox 670 321 689 382">
    <p class='ocr_par' dir='ltr' id='par_1_1' title="bbox 670 321 689 382">
     <span class='ocr_line' id='line_1_1' title="bbox 670 321 689 382; baseline 0 0"><span class='ocrx_word' id='word_1_1' title='bbox 670 321 689 382; x_wconf 84' lang='grc'><strong>7</strong></span> 
     </span>
    </p>
   </div>
   <div class='ocr_carea' id='block_1_2' title="bbox 86 490 1256 2230">
    <p class='ocr_par' dir='ltr' id='par_1_2' title="bbox 101 490 1255 788">
     <span class='ocr_line' id='line_1_2' title="bbox 108 490 1255 577; baseline -0.004 -16"><span class='ocrx_word' id='word_1_2' title='bbox 108 497 196 562; x_wconf 84' lang='lat' dir='ltr'>nobis</span> <span class='ocrx_word' id='word_1_3' title='bbox 218 494 427 572; x_wconf 79' lang='lat' dir='ltr'>commendat,</span> <span class='ocrx_word' id='word_1_4' title='bbox 451 493 484 557; x_wconf 92' lang='lat' dir='ltr'>in</span> <span class='ocrx_word' id='word_1_5' title='bbox 508 492 620 577; x_wconf 87' lang='lat' dir='ltr'>primia</span> <span class='ocrx_word' id='word_1_6' title='bbox 642 495 748 556; x_wconf 87' lang='lat' dir='ltr'>autem</span> <span class='ocrx_word' id='word_1_7' title='bbox 772 512 836 568; x_wconf 88' lang='lat' dir='ltr'>eos,</span> <span class='ocrx_word' id='word_1_8' title='bbox 859 490 1014 574; x_wconf 89' lang='lat' dir='ltr'>aquibus</span> <span class='ocrx_word' id='word_1_9' title='bbox 1037 495 1142 555; x_wconf 85' lang='lat' dir='ltr'>ortum</span> <span class='ocrx_word' id='word_1_10' title='bbox 1157 491 1255 556; x_wconf 89' lang='lat' dir='ltr'>habe·</span> 
     </span>
     <span class='ocr_line' id='line_1_3' title="bbox 104 596 1255 683; baseline -0.006 -17"><span class='ocrx_word' id='word_1_11' title='bbox 104 625 172 666; x_wconf 86' lang='lat' dir='ltr'>mus</span> <span class='ocrx_word' id='word_1_12' title='bbox 194 606 226 666; x_wconf 88' lang='lat' dir='ltr'>et</span> <span class='ocrx_word' id='word_1_13' title='bbox 249 600 473 666; x_wconf 66' lang='lat' dir='ltr'>adunationem.</span> <span class='ocrx_word' id='word_1_14' title='bbox 519 596 565 662; x_wconf 86' lang='lat' dir='ltr'>Ut</span> <span class='ocrx_word' id='word_1_15' title='bbox 587 598 687 683; x_wconf 82' lang='lat' dir='ltr'>igitur</span> <span class='ocrx_word' id='word_1_16' title='bbox 710 598 744 661; x_wconf 93' lang='lat' dir='ltr'>in</span> <span class='ocrx_word' id='word_1_17' title='bbox 767 596 852 662; x_wconf 88' lang='lat' dir='ltr'>hanc</span> <span class='ocrx_word' id='word_1_18' title='bbox 874 600 996 681; x_wconf 88' lang='lat' dir='ltr'>partam</span> <span class='ocrx_word' id='word_1_19' title='bbox 1020 618 1067 673; x_wconf 92' lang='lat' dir='ltr'>ea,</span> <span class='ocrx_word' id='word_1_20' title='bbox 1091 619 1161 680; x_wconf 88' lang='lat' dir='ltr'>quae</span> <span class='ocrx_word' id='word_1_21' title='bbox 1184 618 1255 660; x_wconf 88' lang='lat' dir='ltr'>sum</span> 
     </span>
     <span class='ocr_line' id='line_1_4' title="bbox 101 702 854 788; baseline -0.008 -16"><span class='ocrx_word' id='word_1_22' title='bbox 101 708 255 783; x_wconf 88' lang='lat' dir='ltr'>dicturus,</span> <span class='ocrx_word' id='word_1_23' title='bbox 278 704 451 788; x_wconf 85' lang='lat' dir='ltr'>accipiatis,</span> <span class='ocrx_word' id='word_1_24' title='bbox 474 703 681 768; x_wconf 86' lang='lat' dir='ltr'>vehementer</span> <span class='ocrx_word' id='word_1_25' title='bbox 703 702 854 767; x_wconf 87' lang='lat' dir='ltr'>obtestor.</span> 
     </span>
    </p>

    <p class='ocr_par' dir='ltr' id='par_1_3' title="bbox 99 803 1256 1610">
     <span class='ocr_line' id='line_1_5' title="bbox 100 803 1256 893; baseline -0.006 -18"><span class='ocrx_word' id='word_1_26' title='bbox 100 810 229 888; x_wconf 82' lang='lat' dir='ltr'>Medea,</span> <span class='ocrx_word' id='word_1_27' title='bbox 263 812 427 893; x_wconf 84' lang='lat' dir='ltr'>poetarum</span> <span class='ocrx_word' id='word_1_28' title='bbox 458 807 616 872; x_wconf 87' lang='lat' dir='ltr'>celebrata</span> <span class='ocrx_word' id='word_1_29' title='bbox 646 807 791 890; x_wconf 87' lang='lat' dir='ltr'>scriptis,</span> <span class='ocrx_word' id='word_1_30' title='bbox 823 806 983 870; x_wconf 86' lang='lat' dir='ltr'>miseriam</span> <span class='ocrx_word' id='word_1_31' title='bbox 1016 808 1049 870; x_wconf 91' lang='lat' dir='ltr'>et</span> <span class='ocrx_word' id='word_1_32' title='bbox 1079 803 1256 870; x_wconf 85' lang='lat' dir='ltr'>infortunia</span> 
     </span>
     <span class='ocr_line' id='line_1_6' title="bbox 100 911 1254 998; baseline -0.005 -18"><span class='ocrx_word' id='word_1_33' title='bbox 100 938 156 980; x_wconf 89' lang='lat' dir='ltr'>sua</span> <span class='ocrx_word' id='word_1_34' title='bbox 179 914 357 998; x_wconf 70' lang='lat' dir='ltr'>deplorans</span> <span class='ocrx_word' id='word_1_35' title='bbox 380 913 426 978; x_wconf 90' lang='lat' dir='ltr'>ait</span> <span class='ocrx_word' id='word_1_36' title='bbox 449 914 534 978; x_wconf 88' lang='lat' dir='ltr'>inter</span> <span class='ocrx_word' id='word_1_37' title='bbox 557 916 678 989; x_wconf 74' lang='lat' dir='ltr'>catera,</span> <span class='ocrx_word' id='word_1_38' title='bbox 702 913 807 977; x_wconf 88' lang='lat' dir='ltr'>videre</span> <span class='ocrx_word' id='word_1_39' title='bbox 829 935 863 977; x_wconf 87' lang='lat' dir='ltr'>se</span> <span class='ocrx_word' id='word_1_40' title='bbox 885 912 1012 998; x_wconf 88' lang='lat' dir='ltr'>quidem</span> <span class='ocrx_word' id='word_1_41' title='bbox 1039 911 1072 976; x_wconf 92' lang='lat' dir='ltr'>id</span> <span class='ocrx_word' id='word_1_42' title='bbox 1087 911 1171 995; x_wconf 91' lang='lat' dir='ltr'>qnod</span> <span class='ocrx_word' id='word_1_43' title='bbox 1187 931 1254 974; x_wconf 87' lang='lat' dir='ltr'>roc-</span> 
     </span>
     <span class='ocr_line' id='line_1_7' title="bbox 101 1014 1252 1103; baseline -0.005 -19"><span class='ocrx_word' id='word_1_44' title='bbox 101 1025 169 1084; x_wconf 88' lang='lat' dir='ltr'>tum</span> <span class='ocrx_word' id='word_1_45' title='bbox 192 1023 251 1096; x_wconf 87' lang='lat' dir='ltr'>est,</span> <span class='ocrx_word' id='word_1_46' title='bbox 274 1041 337 1084; x_wconf 90' lang='lat' dir='ltr'>non</span> <span class='ocrx_word' id='word_1_47' title='bbox 362 1016 589 1103; x_wconf 73' lang='lat' dir='ltr'>obltemperarc</span> <span class='ocrx_word' id='word_1_48' title='bbox 608 1022 726 1096; x_wconf 84' lang='lat' dir='ltr'>tamen,</span> <span class='ocrx_word' id='word_1_49' title='bbox 750 1023 782 1082; x_wconf 91' lang='lat' dir='ltr'>et</span> <span class='ocrx_word' id='word_1_50' title='bbox 804 1019 892 1103; x_wconf 92' lang='lat' dir='ltr'>sequi</span> <span class='ocrx_word' id='word_1_51' title='bbox 915 1016 1052 1082; x_wconf 86' lang='lat' dir='ltr'>deterius</span> <span class='ocrx_word' id='word_1_52' title='bbox 1075 1014 1252 1081; x_wconf 88' lang='lat' dir='ltr'>consilium.</span> 
     </span>
     <span class='ocr_line' id='line_1_8' title="bbox 99 1120 1254 1203; baseline -0.005 -14"><span class='ocrx_word' id='word_1_53' title='bbox 99 1125 170 1189; x_wconf 86' lang='lat' dir='ltr'>Hac</span> <span class='ocrx_word' id='word_1_54' title='bbox 193 1125 289 1189; x_wconf 90' lang='lat' dir='ltr'>etiam</span> <span class='ocrx_word' id='word_1_55' title='bbox 310 1127 404 1188; x_wconf 76' lang='lat' dir='ltr'>aetate</span> <span class='ocrx_word' id='word_1_56' title='bbox 427 1127 536 1188; x_wconf 89' lang='lat' dir='ltr'>nostra</span> <span class='ocrx_word' id='word_1_57' title='bbox 559 1123 676 1201; x_wconf 91' lang='lat' dir='ltr'>multi,</span> <span class='ocrx_word' id='word_1_58' title='bbox 712 1145 777 1188; x_wconf 91' lang='lat' dir='ltr'>non</span> <span class='ocrx_word' id='word_1_59' title='bbox 807 1123 939 1187; x_wconf 92' lang='lat' dir='ltr'>dubium</span> <span class='ocrx_word' id='word_1_60' title='bbox 970 1126 1028 1198; x_wconf 92' lang='lat' dir='ltr'>est,</span> <span class='ocrx_word' id='word_1_61' title='bbox 1050 1120 1167 1198; x_wconf 86' lang='lat' dir='ltr'>vident,</span> <span class='ocrx_word' id='word_1_62' title='bbox 1192 1141 1254 1203; x_wconf 86' lang='lat' dir='ltr'>qua</span> 
     </span>
     <span class='ocr_line' id='line_1_9' title="bbox 99 1224 1251 1312; baseline -0.004 -19"><span class='ocrx_word' id='word_1_63' title='bbox 99 1229 223 1294; x_wconf 86' lang='lat' dir='ltr'>ratione</span> <span class='ocrx_word' id='word_1_64' title='bbox 249 1228 354 1312; x_wconf 82' lang='lat' dir='ltr'>juvari</span> <span class='ocrx_word' id='word_1_65' title='bbox 377 1227 477 1312; x_wconf 87' lang='lat' dir='ltr'>possit</span> <span class='ocrx_word' id='word_1_66' title='bbox 499 1231 594 1310; x_wconf 84' lang='lat' dir='ltr'>atque</span> <span class='ocrx_word' id='word_1_67' title='bbox 616 1249 653 1290; x_wconf 84' lang='lat' dir='ltr'>ex</span> <span class='ocrx_word' id='word_1_68' title='bbox 676 1226 726 1291; x_wconf 92' lang='lat' dir='ltr'>his</span> <span class='ocrx_word' id='word_1_69' title='bbox 747 1226 839 1292; x_wconf 86' lang='lat' dir='ltr'>malis</span> <span class='ocrx_word' id='word_1_70' title='bbox 866 1226 944 1310; x_wconf 86' lang='lat' dir='ltr'>eripi</span> <span class='ocrx_word' id='word_1_71' title='bbox 972 1225 1162 1301; x_wconf 77' lang='lat' dir='ltr'>Germania,</span> <span class='ocrx_word' id='word_1_72' title='bbox 1197 1224 1251 1288; x_wconf 85' lang='lat' dir='ltr'>sed</span> 
     </span>
     <span class='ocr_line' id='line_1_10' title="bbox 101 1329 1253 1420; baseline -0.003 -22"><span class='ocrx_word' id='word_1_73' title='bbox 101 1335 289 1420; x_wconf 81' lang='lat' dir='ltr'>negligunt,</span> <span class='ocrx_word' id='word_1_74' title='bbox 321 1338 353 1398; x_wconf 88' lang='lat' dir='ltr'>et</span> <span class='ocrx_word' id='word_1_75' title='bbox 382 1332 593 1418; x_wconf 77' lang='lat' dir='ltr'>incogitantia</span> <span class='ocrx_word' id='word_1_76' title='bbox 624 1332 759 1416; x_wconf 90' lang='lat' dir='ltr'>quadam</span> <span class='ocrx_word' id='word_1_77' title='bbox 782 1336 936 1416; x_wconf 89' lang='lat' dir='ltr'>perpetua</span> <span class='ocrx_word' id='word_1_78' title='bbox 958 1330 1127 1408; x_wconf 86' lang='lat' dir='ltr'>differunt,</span> <span class='ocrx_word' id='word_1_79' title='bbox 1162 1329 1253 1415; x_wconf 87' lang='lat' dir='ltr'>quasi</span> 
     </span>
     <span class='ocr_line' id='line_1_11' title="bbox 102 1435 1253 1523; baseline -0.003 -20"><span class='ocrx_word' id='word_1_80' title='bbox 102 1442 225 1523; x_wconf 87' lang='lat' dir='ltr'>tempus</span> <span class='ocrx_word' id='word_1_81' title='bbox 248 1440 352 1523; x_wconf 90' lang='lat' dir='ltr'>ipsum</span> <span class='ocrx_word' id='word_1_82' title='bbox 376 1438 514 1523; x_wconf 88' lang='lat' dir='ltr'>aliquam</span> <span class='ocrx_word' id='word_1_83' title='bbox 537 1438 580 1503; x_wconf 92' lang='lat' dir='ltr'>sit</span> <span class='ocrx_word' id='word_1_84' title='bbox 602 1438 776 1503; x_wconf 86' lang='lat' dir='ltr'>allaturum</span> <span class='ocrx_word' id='word_1_85' title='bbox 797 1437 1003 1515; x_wconf 81' lang='lat' dir='ltr'>medicinam,</span> <span class='ocrx_word' id='word_1_86' title='bbox 1027 1458 1099 1523; x_wconf 89' lang='lat' dir='ltr'>cum</span> <span class='ocrx_word' id='word_1_87' title='bbox 1123 1435 1253 1501; x_wconf 89' lang='lat' dir='ltr'>interim</span> 
     </span>
     <span class='ocr_line' id='line_1_12' title="bbox 100 1543 981 1610; baseline -0.002 -2"><span class='ocrx_word' id='word_1_88' title='bbox 100 1550 208 1610; x_wconf 83' lang='lat' dir='ltr'>tamen</span> <span class='ocrx_word' id='word_1_89' title='bbox 232 1544 361 1610; x_wconf 87' lang='lat' dir='ltr'>videant</span> <span class='ocrx_word' id='word_1_90' title='bbox 383 1544 478 1609; x_wconf 86' lang='lat' dir='ltr'>aliam</span> <span class='ocrx_word' id='word_1_91' title='bbox 502 1566 539 1608; x_wconf 85' lang='lat' dir='ltr'>ex</span> <span class='ocrx_word' id='word_1_92' title='bbox 562 1543 626 1608; x_wconf 89' lang='lat' dir='ltr'>alia</span> <span class='ocrx_word' id='word_1_93' title='bbox 648 1544 734 1608; x_wconf 85' lang='lat' dir='ltr'>nasci</span> <span class='ocrx_word' id='word_1_94' title='bbox 757 1544 981 1608; x_wconf 88' lang='lat' dir='ltr'>calamitatem.</span> 
     </span>
    </p>

    <p class='ocr_par' dir='ltr' id='par_1_4' title="bbox 86 1645 1253 2153">
     <span class='ocr_line' id='line_1_13' title="bbox 98 1645 1253 1734; baseline -0.004 -21"><span class='ocrx_word' id='word_1_95' title='bbox 98 1649 141 1714; x_wconf 82' lang='lat' dir='ltr'>Et</span> <span class='ocrx_word' id='word_1_96' title='bbox 172 1650 313 1734; x_wconf 89' lang='lat' dir='ltr'>primum</span> <span class='ocrx_word' id='word_1_97' title='bbox 344 1649 471 1733; x_wconf 91' lang='lat' dir='ltr'>quidem</span> <span class='ocrx_word' id='word_1_98' title='bbox 500 1649 706 1734; x_wconf 77' lang='lat' dir='ltr'>cogitandum</span> <span class='ocrx_word' id='word_1_99' title='bbox 733 1654 799 1726; x_wconf 88' lang='lat' dir='ltr'>est,</span> <span class='ocrx_word' id='word_1_100' title='bbox 834 1647 1099 1734; x_wconf 89' lang='lat' dir='ltr'>quemadmodum</span> <span class='ocrx_word' id='word_1_101' title='bbox 1132 1645 1172 1710; x_wconf 88' lang='lat' dir='ltr'>ad</span> <span class='ocrx_word' id='word_1_102' title='bbox 1198 1665 1253 1709; x_wconf 85' lang='lat' dir='ltr'>vos</span> 
     </span>
     <span class='ocr_line' id='line_1_14' title="bbox 100 1754 1251 1840; baseline -0.004 -22"><span class='ocrx_word' id='word_1_103' title='bbox 100 1754 205 1819; x_wconf 88' lang='lat' dir='ltr'>delata</span> <span class='ocrx_word' id='word_1_104' title='bbox 228 1755 271 1820; x_wconf 90' lang='lat' dir='ltr'>sit</span> <span class='ocrx_word' id='word_1_105' title='bbox 293 1754 424 1839; x_wconf 91' lang='lat' dir='ltr'>Imperii</span> <span class='ocrx_word' id='word_1_106' title='bbox 447 1755 604 1840; x_wconf 81' lang='lat' dir='ltr'>dignitas,</span> <span class='ocrx_word' id='word_1_107' title='bbox 629 1759 660 1819; x_wconf 88' lang='lat' dir='ltr'>et</span> <span class='ocrx_word' id='word_1_108' title='bbox 683 1754 946 1840; x_wconf 85' lang='lat' dir='ltr'>considerandum</span> <span class='ocrx_word' id='word_1_109' title='bbox 967 1754 1072 1831; x_wconf 86' lang='lat' dir='ltr'>vobis,</span> <span class='ocrx_word' id='word_1_110' title='bbox 1095 1754 1251 1833; x_wconf 87' lang='lat' dir='ltr'>quantum</span> 
     </span>
     <span class='ocr_line' id='line_1_15' title="bbox 101 1855 1250 1940; baseline -0.005 -16"><span class='ocrx_word' id='word_1_111' title='bbox 101 1859 144 1924; x_wconf 87' lang='lat' dir='ltr'>sit</span> <span class='ocrx_word' id='word_1_112' title='bbox 166 1859 227 1925; x_wconf 90' lang='lat' dir='ltr'>hoo</span> <span class='ocrx_word' id='word_1_113' title='bbox 248 1858 310 1925; x_wconf 89' lang='lat' dir='ltr'>Dei</span> <span class='ocrx_word' id='word_1_114' title='bbox 337 1860 533 1925; x_wconf 89' lang='lat' dir='ltr'>beneficium.</span> <span class='ocrx_word' id='word_1_115' title='bbox 579 1858 647 1924; x_wconf 89' lang='lat' dir='ltr'>Neo</span> <span class='ocrx_word' id='word_1_116' title='bbox 680 1861 766 1925; x_wconf 88' lang='lat' dir='ltr'>enim</span> <span class='ocrx_word' id='word_1_117' title='bbox 791 1862 863 1926; x_wconf 88' lang='lat' dir='ltr'>&#39;leve</span> <span class='ocrx_word' id='word_1_118' title='bbox 893 1865 941 1926; x_wconf 88' lang='lat' dir='ltr'>est</span> <span class='ocrx_word' id='word_1_119' title='bbox 970 1881 1085 1924; x_wconf 92' lang='lat' dir='ltr'>nomen</span> <span class='ocrx_word' id='word_1_120' title='bbox 1109 1855 1250 1940; x_wconf 88' lang='lat' dir='ltr'>Imperii,</span> 
     </span>
     <span class='ocr_line' id='line_1_16' title="bbox 100 1962 1250 2030; baseline -0.003 -2"><span class='ocrx_word' id='word_1_121' title='bbox 100 1968 134 2028; x_wconf 87' lang='lat' dir='ltr'>et</span> <span class='ocrx_word' id='word_1_122' title='bbox 154 1964 238 2028; x_wconf 89' lang='lat' dir='ltr'>nihil</span> <span class='ocrx_word' id='word_1_123' title='bbox 261 1965 369 2030; x_wconf 84' lang='lat' dir='ltr'>existit</span> <span class='ocrx_word' id='word_1_124' title='bbox 390 1965 424 2030; x_wconf 90' lang='lat' dir='ltr'>in</span> <span class='ocrx_word' id='word_1_125' title='bbox 448 1966 541 2030; x_wconf 89' lang='lat' dir='ltr'>rebus</span> <span class='ocrx_word' id='word_1_126' title='bbox 563 1965 711 2030; x_wconf 86' lang='lat' dir='ltr'>humanis</span> <span class='ocrx_word' id='word_1_127' title='bbox 738 1970 794 2030; x_wconf 87' lang='lat' dir='ltr'>aut</span> <span class='ocrx_word' id='word_1_128' title='bbox 816 1965 973 2030; x_wconf 85' lang='lat' dir='ltr'>illustrius</span> <span class='ocrx_word' id='word_1_129' title='bbox 995 1967 1051 2029; x_wconf 86' lang='lat' dir='ltr'>aut</span> <span class='ocrx_word' id='word_1_130' title='bbox 1073 1962 1250 2027; x_wconf 85' lang='lat' dir='ltr'>sublimius.</span> 
     </span>
     <span class='ocr_line' id='line_1_17' title="bbox 86 2057 1250 2153; baseline -0.003 -20"><span class='ocrx_word' id='word_1_131' title='bbox 86 2057 184 2141; x_wconf 28' lang='lat' dir='ltr'>,Nam</span> <span class='ocrx_word' id='word_1_132' title='bbox 209 2090 397 2152; x_wconf 88' lang='lat' dir='ltr'>quocunque</span> <span class='ocrx_word' id='word_1_133' title='bbox 418 2068 504 2134; x_wconf 87' lang='lat' dir='ltr'>Deus</span> <span class='ocrx_word' id='word_1_134' title='bbox 534 2069 702 2135; x_wconf 82' lang='lat' dir='ltr'>transtulit</span> <span class='ocrx_word' id='word_1_135' title='bbox 733 2070 832 2150; x_wconf 91' lang='lat' dir='ltr'>illud,</span> <span class='ocrx_word' id='word_1_136' title='bbox 868 2069 913 2133; x_wconf 92' lang='lat' dir='ltr'>ibi</span> <span class='ocrx_word' id='word_1_137' title='bbox 944 2090 1069 2153; x_wconf 89' lang='lat' dir='ltr'>quoque</span> <span class='ocrx_word' id='word_1_138' title='bbox 1096 2087 1250 2152; x_wconf 83' lang='lat' dir='ltr'>magnum</span> 
     </span>
    </p>

    <p class='ocr_par' dir='ltr' id='par_1_5' title="bbox 666 2191 683 2230">
     <span class='ocr_line' id='line_1_18' title="bbox 666 2191 683 2230; baseline 0 0"><span class='ocrx_word' id='word_1_139' title='bbox 666 2191 683 2230; x_wconf 74' lang='lat' dir='ltr'>a</span> 
     </span>
    </p>
   </div>
   <div class='ocr_carea' id='block_1_3' title="bbox 94 2276 1249 3413">
    <p class='ocr_par' dir='ltr' id='par_1_6' title="bbox 97 2276 1249 2576">
     <span class='ocr_line' id='line_1_19' title="bbox 99 2276 1249 2366; baseline 0 -25"><span class='ocrx_word' id='word_1_140' title='bbox 99 2276 197 2341; x_wconf 87' lang='lat' dir='ltr'>sollen</span> <span class='ocrx_word' id='word_1_141' title='bbox 215 2277 405 2363; x_wconf 87' lang='lat' dir='ltr'>umbgehen,</span> <span class='ocrx_word' id='word_1_142' title='bbox 429 2278 544 2344; x_wconf 87' lang='lat' dir='ltr'>etliche</span> <span class='ocrx_word' id='word_1_143' title='bbox 567 2280 644 2366; x_wconf 81' lang='lat' dir='ltr'>ding</span> <span class='ocrx_word' id='word_1_144' title='bbox 668 2285 780 2344; x_wconf 86' lang='lat' dir='ltr'>trewer</span> <span class='ocrx_word' id='word_1_145' title='bbox 795 2281 948 2364; x_wconf 80' lang='lat' dir='ltr'>meinung</span> <span class='ocrx_word' id='word_1_146' title='bbox 964 2279 1165 2364; x_wconf 78' lang='lat' dir='ltr'>anzdzeigen,</span> <span class='ocrx_word' id='word_1_147' title='bbox 1189 2276 1249 2341; x_wconf 89' lang='lat' dir='ltr'>mit</span> 
     </span>
     <span class='ocr_line' id='line_1_20' title="bbox 98 2382 1248 2481; baseline -0.001 -36"><span class='ocrx_word' id='word_1_148' title='bbox 98 2382 379 2481; x_wconf 70' lang='lat' dir='ltr'>underthdnigster</span> <span class='ocrx_word' id='word_1_149' title='bbox 411 2384 495 2463; x_wconf 89' lang='lat' dir='ltr'>bitt,</span> <span class='ocrx_word' id='word_1_150' title='bbox 529 2385 565 2450; x_wconf 84' lang='lat' dir='ltr'>E.</span> <span class='ocrx_word' id='word_1_151' title='bbox 591 2384 647 2450; x_wconf 84' lang='lat' dir='ltr'>ch.</span> <span class='ocrx_word' id='word_1_152' title='bbox 681 2387 745 2450; x_wconf 88' lang='lat' dir='ltr'>und</span> <span class='ocrx_word' id='word_1_153' title='bbox 770 2385 804 2449; x_wconf 85' lang='lat' dir='ltr'>F.</span> <span class='ocrx_word' id='word_1_154' title='bbox 830 2384 866 2450; x_wconf 86' lang='lat' dir='ltr'>G.</span> <span class='ocrx_word' id='word_1_155' title='bbox 891 2385 1021 2450; x_wconf 79' lang='lat' dir='ltr'>wbllent</span> <span class='ocrx_word' id='word_1_156' title='bbox 1052 2383 1155 2448; x_wconf 91' lang='lat' dir='ltr'>solohs</span> <span class='ocrx_word' id='word_1_157' title='bbox 1186 2403 1248 2446; x_wconf 86' lang='lat' dir='ltr'>von</span> 
     </span>
     <span class='ocr_line' id='line_1_21' title="bbox 97 2487 1246 2576; baseline 0.004 -27"><span class='ocrx_word' id='word_1_158' title='bbox 97 2487 167 2565; x_wconf 89' lang='lat' dir='ltr'>mir,</span> <span class='ocrx_word' id='word_1_159' title='bbox 192 2488 387 2574; x_wconf 80' lang='lat' dir='ltr'>obgemelter</span> <span class='ocrx_word' id='word_1_160' title='bbox 410 2490 563 2555; x_wconf 87' lang='lat' dir='ltr'>ursaohen</span> <span class='ocrx_word' id='word_1_161' title='bbox 586 2491 720 2570; x_wconf 89' lang='lat' dir='ltr'>halben,</span> <span class='ocrx_word' id='word_1_162' title='bbox 755 2492 789 2556; x_wconf 91' lang='lat' dir='ltr'>in</span> <span class='ocrx_word' id='word_1_163' title='bbox 812 2491 896 2556; x_wconf 86' lang='lat' dir='ltr'>allen</span> <span class='ocrx_word' id='word_1_164' title='bbox 919 2491 1045 2576; x_wconf 84' lang='lat' dir='ltr'>gnaden</span> <span class='ocrx_word' id='word_1_165' title='bbox 1068 2488 1246 2554; x_wconf 89' lang='lat' dir='ltr'>aufnemen.</span> 
     </span>
    </p>

    <p class='ocr_par' dir='ltr' id='par_1_7' title="bbox 94 2593 1247 3413">
     <span class='ocr_line' id='line_1_22' title="bbox 180 2593 1246 2683; baseline 0.001 -26"><span class='ocrx_word' id='word_1_166' title='bbox 180 2593 241 2658; x_wconf 93' lang='lat' dir='ltr'>Die</span> <span class='ocrx_word' id='word_1_167' title='bbox 263 2593 383 2659; x_wconf 91' lang='lat' dir='ltr'>Heldin</span> <span class='ocrx_word' id='word_1_168' title='bbox 406 2594 517 2661; x_wconf 90' lang='lat' dir='ltr'>Medea</span> <span class='ocrx_word' id='word_1_169' title='bbox 532 2596 552 2674; x_wconf 93' lang='lat'>¹,</span> <span class='ocrx_word' id='word_1_170' title='bbox 578 2596 709 2682; x_wconf 83' lang='lat' dir='ltr'>beklagt</span> <span class='ocrx_word' id='word_1_171' title='bbox 730 2597 799 2662; x_wconf 89' lang='lat' dir='ltr'>sich</span> <span class='ocrx_word' id='word_1_172' title='bbox 821 2598 883 2663; x_wconf 88' lang='lat' dir='ltr'>ires</span> <span class='ocrx_word' id='word_1_173' title='bbox 907 2596 1072 2683; x_wconf 78' lang='lat' dir='ltr'>ongliicks,</span> <span class='ocrx_word' id='word_1_174' title='bbox 1096 2599 1168 2681; x_wconf 79' lang='lat' dir='ltr'>sagt</span> <span class='ocrx_word' id='word_1_175' title='bbox 1186 2615 1246 2675; x_wconf 75' lang='lat' dir='ltr'>ne-</span> 
     </span>
     <span class='ocr_line' id='line_1_23' title="bbox 96 2697 1247 2788; baseline 0.001 -26"><span class='ocrx_word' id='word_1_176' title='bbox 96 2697 154 2762; x_wconf 89' lang='lat' dir='ltr'>ben</span> <span class='ocrx_word' id='word_1_177' title='bbox 178 2699 309 2764; x_wconf 86' lang='lat' dir='ltr'>anderrn</span> <span class='ocrx_word' id='word_1_178' title='bbox 332 2700 419 2779; x_wconf 87' lang='lat' dir='ltr'>also,</span> <span class='ocrx_word' id='word_1_179' title='bbox 442 2699 498 2766; x_wconf 88' lang='lat' dir='ltr'>Ich</span> <span class='ocrx_word' id='word_1_180' title='bbox 522 2701 595 2766; x_wconf 86' lang='lat' dir='ltr'>seha</span> <span class='ocrx_word' id='word_1_181' title='bbox 618 2703 680 2768; x_wconf 89' lang='lat' dir='ltr'>wol</span> <span class='ocrx_word' id='word_1_182' title='bbox 701 2703 794 2768; x_wconf 89' lang='lat' dir='ltr'>einen</span> <span class='ocrx_word' id='word_1_183' title='bbox 817 2705 938 2769; x_wconf 85' lang='lat' dir='ltr'>andern</span> <span class='ocrx_word' id='word_1_184' title='bbox 961 2724 1048 2788; x_wconf 83' lang='lat' dir='ltr'>weg,</span> <span class='ocrx_word' id='word_1_185' title='bbox 1071 2701 1164 2767; x_wconf 90' lang='lat' dir='ltr'>einen</span> <span class='ocrx_word' id='word_1_186' title='bbox 1188 2721 1247 2764; x_wconf 87' lang='lat' dir='ltr'>an·</span> 
     </span>
     <span class='ocr_line' id='line_1_24' title="bbox 96 2803 1246 2891; baseline 0.005 -25"><span class='ocrx_word' id='word_1_187' title='bbox 96 2803 170 2867; x_wconf 89' lang='lat' dir='ltr'>dern</span> <span class='ocrx_word' id='word_1_188' title='bbox 194 2804 277 2884; x_wconf 89' lang='lat' dir='ltr'>rhat,</span> <span class='ocrx_word' id='word_1_189' title='bbox 301 2805 356 2870; x_wconf 90' lang='lat' dir='ltr'>der</span> <span class='ocrx_word' id='word_1_190' title='bbox 380 2805 440 2870; x_wconf 91' lang='lat' dir='ltr'>mir</span> <span class='ocrx_word' id='word_1_191' title='bbox 464 2806 611 2891; x_wconf 78' lang='lat' dir='ltr'>ongleich</span> <span class='ocrx_word' id='word_1_192' title='bbox 636 2808 750 2889; x_wconf 89' lang='lat' dir='ltr'>besser,</span> <span class='ocrx_word' id='word_1_193' title='bbox 775 2809 932 2876; x_wconf 88' lang='lat' dir='ltr'>ehrlicher</span> <span class='ocrx_word' id='word_1_194' title='bbox 948 2811 1013 2877; x_wconf 89' lang='lat' dir='ltr'>und</span> <span class='ocrx_word' id='word_1_195' title='bbox 1029 2813 1139 2873; x_wconf 74' lang='lat' dir='ltr'>ntitzer</span> <span class='ocrx_word' id='word_1_196' title='bbox 1155 2828 1246 2886; x_wconf 89' lang='lat' dir='ltr'>were,</span> 
     </span>
     <span class='ocr_line' id='line_1_25' title="bbox 95 2905 1247 2996; baseline 0.004 -25"><span class='ocrx_word' id='word_1_197' title='bbox 95 2905 150 2972; x_wconf 94' lang='lat' dir='ltr'>Ich</span> <span class='ocrx_word' id='word_1_198' title='bbox 173 2908 247 2973; x_wconf 90' lang='lat' dir='ltr'>sehe</span> <span class='ocrx_word' id='word_1_199' title='bbox 268 2909 322 2988; x_wconf 93' lang='lat' dir='ltr'>in,</span> <span class='ocrx_word' id='word_1_200' title='bbox 356 2910 422 2975; x_wconf 90' lang='lat' dir='ltr'>und</span> <span class='ocrx_word' id='word_1_201' title='bbox 453 2932 487 2974; x_wconf 92' lang='lat' dir='ltr'>er</span> <span class='ocrx_word' id='word_1_202' title='bbox 520 2911 620 2996; x_wconf 78' lang='lat' dir='ltr'>gefelt</span> <span class='ocrx_word' id='word_1_203' title='bbox 642 2913 704 2976; x_wconf 89' lang='lat' dir='ltr'>mir</span> <span class='ocrx_word' id='word_1_204' title='bbox 727 2914 862 2979; x_wconf 80' lang='lat' dir='ltr'>liberans</span> <span class='ocrx_word' id='word_1_205' title='bbox 885 2916 967 2994; x_wconf 89' lang='lat' dir='ltr'>wol,</span> <span class='ocrx_word' id='word_1_206' title='bbox 1001 2915 1067 2979; x_wconf 92' lang='lat' dir='ltr'>u&#39;nd</span> <span class='ocrx_word' id='word_1_207' title='bbox 1102 2913 1247 2978; x_wconf 90' lang='lat' dir='ltr'>dannoch</span> 
     </span>
     <span class='ocr_line' id='line_1_26' title="bbox 94 3012 1246 3103; baseline 0.008 -29"><span class='ocrx_word' id='word_1_208' title='bbox 94 3012 167 3098; x_wconf 81' lang='lat' dir='ltr'>volg</span> <span class='ocrx_word' id='word_1_209' title='bbox 190 3012 242 3078; x_wconf 92' lang='lat' dir='ltr'>ich</span> <span class='ocrx_word' id='word_1_210' title='bbox 265 3013 309 3078; x_wconf 88' lang='lat' dir='ltr'>im</span> <span class='ocrx_word' id='word_1_211' title='bbox 332 3013 400 3092; x_wconf 86' lang='lat' dir='ltr'>nit,</span> <span class='ocrx_word' id='word_1_212' title='bbox 431 3016 545 3081; x_wconf 87' lang='lat' dir='ltr'>sonder</span> <span class='ocrx_word' id='word_1_213' title='bbox 566 3017 642 3103; x_wconf 82' lang='lat' dir='ltr'>volg</span> <span class='ocrx_word' id='word_1_214' title='bbox 672 3019 758 3099; x_wconf 92' lang='lat' dir='ltr'>dem,</span> <span class='ocrx_word' id='word_1_215' title='bbox 789 3020 843 3084; x_wconf 87' lang='lat' dir='ltr'>das</span> <span class='ocrx_word' id='word_1_216' title='bbox 866 3021 900 3085; x_wconf 91' lang='lat' dir='ltr'>in</span> <span class='ocrx_word' id='word_1_217' title='bbox 924 3022 1018 3086; x_wconf 85' lang='lat' dir='ltr'>aliem</span> <span class='ocrx_word' id='word_1_218' title='bbox 1040 3021 1138 3085; x_wconf 88' lang='lat' dir='ltr'>wider</span> <span class='ocrx_word' id='word_1_219' title='bbox 1160 3019 1246 3084; x_wconf 89' lang='lat' dir='ltr'>mich</span> 
     </span>
     <span class='ocr_line' id='line_1_27' title="bbox 96 3115 1245 3212; baseline 0.008 -34"><span class='ocrx_word' id='word_1_220' title='bbox 96 3115 178 3182; x_wconf 73' lang='lat' dir='ltr'>thur.</span> <span class='ocrx_word' id='word_1_221' title='bbox 224 3117 266 3183; x_wconf 82' lang='lat' dir='ltr'>Es</span> <span class='ocrx_word' id='word_1_222' title='bbox 289 3119 333 3184; x_wconf 86' lang='lat' dir='ltr'>ist</span> <span class='ocrx_word' id='word_1_223' title='bbox 355 3121 405 3185; x_wconf 90' lang='lat' dir='ltr'>nit</span> <span class='ocrx_word' id='word_1_224' title='bbox 427 3143 478 3199; x_wconf 92' lang='lat' dir='ltr'>on,</span> <span class='ocrx_word' id='word_1_225' title='bbox 503 3121 677 3209; x_wconf 80' lang='lat' dir='ltr'>Gnedigste</span> <span class='ocrx_word' id='word_1_226' title='bbox 699 3125 764 3189; x_wconf 92' lang='lat' dir='ltr'>und</span> <span class='ocrx_word' id='word_1_227' title='bbox 777 3125 1066 3212; x_wconf 78' lang='lat' dir='ltr'>GnedigeHerren,</span> <span class='ocrx_word' id='word_1_228' title='bbox 1090 3124 1145 3189; x_wconf 89' lang='lat' dir='ltr'>das</span> <span class='ocrx_word' id='word_1_229' title='bbox 1164 3122 1245 3189; x_wconf 90' lang='lat' dir='ltr'>auch</span> 
     </span>
     <span class='ocr_line' id='line_1_28' title="bbox 96 3219 1243 3316; baseline 0.007 -31"><span class='ocrx_word' id='word_1_230' title='bbox 96 3219 222 3306; x_wconf 83' lang='lat' dir='ltr'>heutigs</span> <span class='ocrx_word' id='word_1_231' title='bbox 245 3227 317 3310; x_wconf 84' lang='lat' dir='ltr'>tags</span> <span class='ocrx_word' id='word_1_232' title='bbox 340 3225 456 3291; x_wconf 90' lang='lat' dir='ltr'>etliche</span> <span class='ocrx_word' id='word_1_233' title='bbox 478 3226 523 3291; x_wconf 82' lang='lat' dir='ltr'>vil</span> <span class='ocrx_word' id='word_1_234' title='bbox 545 3228 642 3292; x_wconf 86' lang='lat' dir='ltr'>sehen</span> <span class='ocrx_word' id='word_1_235' title='bbox 665 3230 728 3293; x_wconf 92' lang='lat' dir='ltr'>und</span> <span class='ocrx_word' id='word_1_236' title='bbox 751 3231 908 3309; x_wconf 82' lang='lat' dir='ltr'>merchen,</span> <span class='ocrx_word' id='word_1_237' title='bbox 932 3253 996 3296; x_wconf 85' lang='lat' dir='ltr'>was</span> <span class='ocrx_word' id='word_1_238' title='bbox 1019 3235 1058 3296; x_wconf 81' lang='lat' dir='ltr'>ah</span> <span class='ocrx_word' id='word_1_239' title='bbox 1081 3230 1243 3316; x_wconf 78' lang='lat' dir='ltr'>gemeiner</span> 
     </span>
     <span class='ocr_line' id='line_1_29' title="bbox 94 3327 1243 3413; baseline 0.007 -22"><span class='ocrx_word' id='word_1_240' title='bbox 94 3327 265 3393; x_wconf 87' lang='lat' dir='ltr'>Teutscher</span> <span class='ocrx_word' id='word_1_241' title='bbox 287 3328 408 3394; x_wconf 90' lang='lat' dir='ltr'>Nation</span> <span class='ocrx_word' id='word_1_242' title='bbox 431 3332 558 3397; x_wconf 84' lang='lat' dir='ltr'>wolfart</span> <span class='ocrx_word' id='word_1_243' title='bbox 588 3333 714 3413; x_wconf 87' lang='lat' dir='ltr'>dienet,</span> <span class='ocrx_word' id='word_1_244' title='bbox 750 3336 815 3400; x_wconf 89' lang='lat' dir='ltr'>und</span> <span class='ocrx_word' id='word_1_245' title='bbox 845 3336 1005 3402; x_wconf 87' lang='lat' dir='ltr'>dennooht</span> <span class='ocrx_word' id='word_1_246' title='bbox 1034 3337 1105 3401; x_wconf 92' lang='lat' dir='ltr'>dem</span> <span class='ocrx_word' id='word_1_247' title='bbox 1136 3336 1243 3400; x_wconf 89' lang='lat' dir='ltr'>selben</span> 
     </span>
    </p>
   </div>
   <div class='ocr_carea' id='block_1_4' title="bbox 94 3420 1379 3525">
    <p class='ocr_par' dir='ltr' id='par_1_8' title="bbox 94 3420 1379 3525">
     <span class='ocr_line' id='line_1_30' title="bbox 94 3420 1379 3525; baseline 0.009 -29"><span class='ocrx_word' id='word_1_248' title='bbox 94 3432 208 3497; x_wconf 87' lang='lat' dir='ltr'>keiuen</span> <span class='ocrx_word' id='word_1_249' title='bbox 232 3436 361 3521; x_wconf 84' lang='lat' dir='ltr'>vervolg</span> <span class='ocrx_word' id='word_1_250' title='bbox 384 3435 485 3516; x_wconf 72' lang='lat' dir='ltr'>rhun,</span> <span class='ocrx_word' id='word_1_251' title='bbox 523 3439 637 3504; x_wconf 88' lang='lat' dir='ltr'>sonder</span> <span class='ocrx_word' id='word_1_252' title='bbox 669 3440 768 3506; x_wconf 89' lang='lat' dir='ltr'>durch</span> <span class='ocrx_word' id='word_1_253' title='bbox 800 3420 1055 3507; x_wconf 82' lang='lat' dir='ltr'>nachlassenheit</span> <span class='ocrx_word' id='word_1_254' title='bbox 1085 3441 1135 3505; x_wconf 93' lang='lat' dir='ltr'>die</span> <span class='ocrx_word' id='word_1_255' title='bbox 1166 3440 1244 3525; x_wconf 84' lang='lat' dir='ltr'>ding</span> <span class='ocrx_word' id='word_1_256' title='bbox 1377 3466 1379 3471; x_wconf 75' lang='grc'>’</span> 
     </span>
    </p>
   </div>
   <div class='ocr_carea' id='block_1_5' title="bbox 94 3537 1243 3629">
    <p class='ocr_par' dir='ltr' id='par_1_9' title="bbox 94 3537 1243 3629">
     <span class='ocr_line' id='line_1_31' title="bbox 94 3537 1243 3629; baseline 0.007 -28"><span class='ocrx_word' id='word_1_257' title='bbox 94 3537 263 3604; x_wconf 79' lang='lat' dir='ltr'>immendar</span> <span class='ocrx_word' id='word_1_258' title='bbox 279 3540 507 3622; x_wconf 83' lang='lat' dir='ltr'>verachleiffen,</span> <span class='ocrx_word' id='word_1_259' title='bbox 523 3544 589 3609; x_wconf 92' lang='lat' dir='ltr'>und</span> <span class='ocrx_word' id='word_1_260' title='bbox 611 3546 661 3629; x_wconf 82' lang='lat'>[4]</span> <span class='ocrx_word' id='word_1_261' title='bbox 683 3546 835 3626; x_wconf 87' lang='lat' dir='ltr'>dencken,</span> <span class='ocrx_word' id='word_1_262' title='bbox 850 3569 883 3612; x_wconf 90' lang='lat' dir='ltr'>es</span> <span class='ocrx_word' id='word_1_263' title='bbox 899 3549 1001 3613; x_wconf 90' lang='lat' dir='ltr'>werde</span> <span class='ocrx_word' id='word_1_264' title='bbox 1016 3547 1098 3611; x_wconf 91' lang='lat' dir='ltr'>noch</span> <span class='ocrx_word' id='word_1_265' title='bbox 1113 3548 1172 3611; x_wconf 87' lang='lat' dir='ltr'>mit</span> <span class='ocrx_word' id='word_1_266' title='bbox 1189 3544 1243 3609; x_wconf 91' lang='lat' dir='ltr'>der</span> 
     </span>
    </p>
   </div>
   <div class='ocr_carea' id='block_1_6' title="bbox 91 3643 1243 3835">
    <p class='ocr_par' dir='ltr' id='par_1_10' title="bbox 91 3643 1243 3835">
     <span class='ocr_line' id='line_1_32' title="bbox 92 3643 1243 3738; baseline 0.008 -32"><span class='ocrx_word' id='word_1_267' title='bbox 92 3643 150 3708; x_wconf 89' lang='lat' dir='ltr'>zeit</span> <span class='ocrx_word' id='word_1_268' title='bbox 172 3644 235 3709; x_wconf 85' lang='lat' dir='ltr'>wol</span> <span class='ocrx_word' id='word_1_269' title='bbox 257 3646 381 3727; x_wconf 81' lang='lat' dir='ltr'>homan,</span> <span class='ocrx_word' id='word_1_270' title='bbox 405 3670 439 3713; x_wconf 91' lang='lat' dir='ltr'>so</span> <span class='ocrx_word' id='word_1_271' title='bbox 462 3648 508 3714; x_wconf 89' lang='lat' dir='ltr'>sie</span> <span class='ocrx_word' id='word_1_272' title='bbox 530 3650 609 3716; x_wconf 91' lang='lat' dir='ltr'>doch</span> <span class='ocrx_word' id='word_1_273' title='bbox 633 3652 768 3718; x_wconf 79' lang='lat' dir='ltr'>klarlioh</span> <span class='ocrx_word' id='word_1_274' title='bbox 792 3653 918 3732; x_wconf 86' lang='lat' dir='ltr'>sehont,</span> <span class='ocrx_word' id='word_1_275' title='bbox 939 3655 998 3718; x_wconf 88' lang='lat' dir='ltr'>wie</span> <span class='ocrx_word' id='word_1_276' title='bbox 1021 3675 1053 3717; x_wconf 88' lang='lat' dir='ltr'>ea</span> <span class='ocrx_word' id='word_1_277' title='bbox 1074 3675 1114 3738; x_wconf 86' lang='lat' dir='ltr'>ye</span> <span class='ocrx_word' id='word_1_278' title='bbox 1134 3653 1243 3737; x_wconf 81' lang='lat' dir='ltr'>lenger</span> 
     </span>
     <span class='ocr_line' id='line_1_33' title="bbox 91 3752 1064 3835; baseline 0.025 -22"><span class='ocrx_word' id='word_1_279' title='bbox 91 3770 129 3832; x_wconf 88' lang='lat' dir='ltr'>ye</span> <span class='ocrx_word' id='word_1_280' title='bbox 150 3770 242 3835; x_wconf 82' lang='lat' dir='ltr'>erger</span> <span class='ocrx_word' id='word_1_281' title='bbox 264 3752 347 3816; x_wconf 83' lang='lat' dir='ltr'>wirt.</span> <span class='ocrx_word' id='word_1_282' title='bbox 1061 3760 1064 3778; x_wconf 86' lang='lat'>&#39;</span> 
     </span>
    </p>
   </div>
   <div class='ocr_carea' id='block_1_7' title="bbox 88 3854 1241 4266">
    <p class='ocr_par' dir='ltr' id='par_1_11' title="bbox 88 3854 1241 4266">
     <span class='ocr_line' id='line_1_34' title="bbox 176 3854 1241 3947; baseline 0.006 -29"><span class='ocrx_word' id='word_1_283' title='bbox 176 3854 251 3919; x_wconf 91' lang='lat' dir='ltr'>Und</span> <span class='ocrx_word' id='word_1_284' title='bbox 274 3856 467 3943; x_wconf 81' lang='lat' dir='ltr'>anfenglich,</span> <span class='ocrx_word' id='word_1_285' title='bbox 491 3859 573 3923; x_wconf 88' lang='lat' dir='ltr'>nach</span> <span class='ocrx_word' id='word_1_286' title='bbox 595 3861 665 3925; x_wconf 89' lang='lat' dir='ltr'>dem</span> <span class='ocrx_word' id='word_1_287' title='bbox 690 3863 744 3926; x_wconf 88' lang='lat' dir='ltr'>das</span> <span class='ocrx_word' id='word_1_288' title='bbox 761 3862 933 3947; x_wconf 88' lang='lat' dir='ltr'>Imperium</span> <span class='ocrx_word' id='word_1_289' title='bbox 955 3865 1030 3929; x_wconf 89' lang='lat' dir='ltr'>oder</span> <span class='ocrx_word' id='word_1_290' title='bbox 1046 3862 1155 3939; x_wconf 87' lang='lat' dir='ltr'>Reioh,</span> <span class='ocrx_word' id='word_1_291' title='bbox 1178 3882 1241 3925; x_wconf 84' lang='lat' dir='ltr'>von</span> 
     </span>
     <span class='ocr_line' id='line_1_35' title="bbox 90 3959 1240 4053; baseline 0.006 -30"><span class='ocrx_word' id='word_1_292' title='bbox 90 3960 208 4024; x_wconf 88' lang='lat' dir='ltr'>andern</span> <span class='ocrx_word' id='word_1_293' title='bbox 231 3959 408 4042; x_wconf 87' lang='lat' dir='ltr'>Nationen,</span> <span class='ocrx_word' id='word_1_294' title='bbox 431 3963 531 4040; x_wconf 85' lang='lat' dir='ltr'>durch</span> <span class='ocrx_word' id='word_1_295' title='bbox 555 3963 700 4031; x_wconf 81' lang='lat' dir='ltr'>thliche</span> <span class='ocrx_word' id='word_1_296' title='bbox 723 3967 920 4053; x_wconf 84' lang='lat' dir='ltr'>versehung,</span> <span class='ocrx_word' id='word_1_297' title='bbox 945 3969 1013 4032; x_wconf 87' lang='lat' dir='ltr'>auff</span> <span class='ocrx_word' id='word_1_298' title='bbox 1033 3991 1091 4032; x_wconf 92' lang='lat' dir='ltr'>uns</span> <span class='ocrx_word' id='word_1_299' title='bbox 1114 3989 1240 4052; x_wconf 85' lang='lat' dir='ltr'>genen-</span> 
     </span>
     <span class='ocr_line' id='line_1_36' title="bbox 88 4063 1240 4153; baseline 0.008 -26"><span class='ocrx_word' id='word_1_300' title='bbox 88 4063 148 4144; x_wconf 88' lang='lat' dir='ltr'>det,</span> <span class='ocrx_word' id='word_1_301' title='bbox 172 4064 277 4130; x_wconf 88' lang='lat' dir='ltr'>haben</span> <span class='ocrx_word' id='word_1_302' title='bbox 298 4064 334 4131; x_wconf 75' lang='lat' dir='ltr'>u.</span> <span class='ocrx_word' id='word_1_303' title='bbox 359 4066 415 4133; x_wconf 81' lang='lat' dir='ltr'>Oh.</span> <span class='ocrx_word' id='word_1_304' title='bbox 440 4070 505 4134; x_wconf 93' lang='lat' dir='ltr'>und</span> <span class='ocrx_word' id='word_1_305' title='bbox 527 4065 562 4135; x_wconf 79' lang='lat' dir='ltr'>F.</span> <span class='ocrx_word' id='word_1_306' title='bbox 588 4071 625 4136; x_wconf 75' lang='lat' dir='ltr'>G.</span> <span class='ocrx_word' id='word_1_307' title='bbox 649 4072 778 4139; x_wconf 81' lang='lat' dir='ltr'>siebat</span> <span class='ocrx_word' id='word_1_308' title='bbox 810 4075 996 4153; x_wconf 87' lang='lat' dir='ltr'>erinneren,</span> <span class='ocrx_word' id='word_1_309' title='bbox 1028 4075 1086 4139; x_wconf 90' lang='lat' dir='ltr'>wie</span> <span class='ocrx_word' id='word_1_310' title='bbox 1116 4073 1240 4139; x_wconf 87' lang='lat' dir='ltr'>dasselb</span> 
     </span>
     <span class='ocr_line' id='line_1_37' title="bbox 88 4168 1239 4266; baseline 0.009 -34"><span class='ocrx_word' id='word_1_311' title='bbox 88 4169 186 4236; x_wconf 89' lang='lat' dir='ltr'>durch</span> <span class='ocrx_word' id='word_1_312' title='bbox 208 4193 342 4237; x_wconf 88' lang='lat' dir='ltr'>unseren</span> <span class='ocrx_word' id='word_1_313' title='bbox 364 4173 437 4241; x_wconf 89' lang='lat' dir='ltr'>fleill</span> <span class='ocrx_word' id='word_1_314' title='bbox 461 4177 525 4240; x_wconf 89' lang='lat' dir='ltr'>und</span> <span class='ocrx_word' id='word_1_315' title='bbox 548 4168 707 4258; x_wconf 86' lang='lat' dir='ltr'>manheit,</span> <span class='ocrx_word' id='word_1_316' title='bbox 732 4202 781 4245; x_wconf 89' lang='lat' dir='ltr'>wo</span> <span class='ocrx_word' id='word_1_317' title='bbox 804 4181 854 4246; x_wconf 92' lang='lat' dir='ltr'>nit</span> <span class='ocrx_word' id='word_1_318' title='bbox 876 4186 1017 4266; x_wconf 83' lang='lat' dir='ltr'>gemeret</span> <span class='ocrx_word' id='word_1_319' title='bbox 1039 4180 1104 4245; x_wconf 92' lang='lat' dir='ltr'>und</span> <span class='ocrx_word' id='word_1_320' title='bbox 1127 4200 1239 4264; x_wconf 84' lang='lat' dir='ltr'>ausge-</span> 
     </span>
    </p>
   </div>
   <div class='ocr_carea' id='block_1_8' title="bbox 41 4323 1056 4478">
    <p class='ocr_par' dir='ltr' id='par_1_12' title="bbox 41 4323 1056 4478">
     <span class='ocr_line' id='line_1_38' title="bbox 656 4323 672 4356; baseline 0 0"><span class='ocrx_word' id='word_1_321' title='bbox 656 4323 672 4356; x_wconf 54' lang='lat' dir='ltr'>ss</span> 
     </span>
     <span class='ocr_line' id='line_1_39' title="bbox 41 4397 1056 4478; baseline 0.013 -28"><span class='ocrx_word' id='word_1_322' title='bbox 41 4416 44 4420; x_wconf 95' lang='lat'>·</span> <span class='ocrx_word' id='word_1_323' title='bbox 158 4398 172 4452; x_wconf 94' lang='lat' dir='ltr'>l</span> <span class='ocrx_word' id='word_1_324' title='bbox 191 4397 299 4465; x_wconf 89' lang='lat' dir='ltr'>Medea,</span> <span class='ocrx_word' id='word_1_325' title='bbox 318 4399 413 4456; x_wconf 85' lang='lat' dir='ltr'>daven</span> <span class='ocrx_word' id='word_1_326' title='bbox 431 4399 477 4456; x_wconf 90' lang='lat' dir='ltr'>die</span> <span class='ocrx_word' id='word_1_327' title='bbox 494 4401 598 4457; x_wconf 87' lang='lat' dir='ltr'>Poeten</span> <span class='ocrx_word' id='word_1_328' title='bbox 617 4419 647 4457; x_wconf 87' lang='lat' dir='ltr'>so</span> <span class='ocrx_word' id='word_1_329' title='bbox 665 4402 705 4456; x_wconf 87' lang='lat' dir='ltr'>vil</span> <span class='ocrx_word' id='word_1_330' title='bbox 724 4403 895 4475; x_wconf 81' lang='lat' dir='ltr'>geschriben,</span> <span class='ocrx_word' id='word_1_331' title='bbox 914 4405 1056 4478; x_wconf 83' lang='lat' dir='ltr'>beklaget.</span> 
     </span>
    </p>
   </div>
   <div class='ocr_carea' id='block_1_9' title="bbox 0 0 1430 5018">
    <p class='ocr_par' dir='ltr' id='par_1_13' title="bbox 0 0 1430 5018">
     <span class='ocr_line' id='line_1_40' title="bbox 0 0 1430 5018; baseline 0 5"><span class='ocrx_word' id='word_1_332' title='bbox 0 0 1430 5018; x_wconf 95' lang='lat' dir='ltr'> </span> 
     </span>
    </p>
   </div>
  </div>
 </body>
</html>
