2850 5018
693 346 754 407 108

140 499 236 579 senrel
268 515 404 599 polliciti
434 520 531 594 sunt,
567 516 782 601 perfecerint?
835 515 903 580 Aut
935 538 1000 581 non
1031 519 1221 602 placuerunt
1254 522 1300 586 eis

139 624 250 685 vestrae
281 623 440 699 rationeS,
473 627 529 686 aut
558 622 629 687 aliis
659 624 752 688 rebus
776 622 921 706 impediti
944 645 1010 687 non
1032 629 1207 706 potuerunt
1231 631 1298 691 tam

138 730 251 790 vestrae
280 749 376 810 quam
405 750 468 792 suae
497 729 639 813 ipsorum
669 728 881 812 expectationi
913 728 1103 795 satisfacere.
1151 729 1297 796 Dilatum

139 835 188 896 est
210 832 311 916 igitur
333 833 506 897 remedium
529 833 563 896 in
593 832 678 897 hunc
709 856 809 917 usque
839 834 940 911 diem,
976 835 1028 898 sed
1061 836 1164 899 utrius
1193 838 1296 920 partis

138 938 301 1001 commodo
325 939 374 1002 vel
397 939 594 1002 incommodo
618 929 751 1002 dilatum
776 941 847 1003 est?
893 939 1048 1021 Equidem
1071 941 1203 1023 opinor,
1240 965 1295 1006 vos

119 1043 222 1106 nihil
244 1043 297 1107 hic
320 1065 512 1128 magnopere
534 1043 615 1106 velle
647 1044 795 1130 gloriari,
828 1047 981 1127 tanquam
1004 1045 1097 1109 dere
1120 1048 1296 1129 prudenter

139 1146 338 1231 feliciterque
361 1149 592 1213 administrata.

139 1252 242 1329 Quam
267 1252 366 1337 igitur
390 1275 478 1336 spem
502 1253 624 1317 habetis
647 1251 828 1333 reliquam?
871 1254 875 1334 Ι
918 1251 1026 1316 Armis
1058 1257 1090 1318 et
1119 1255 1152 1317 vi
1171 1253 1291 1319 frustra

138 1357 333 1442 pugnabitis.
380 1359 464 1422 Nam
487 1363 518 1422 et
541 1358 764 1441 praeterierunt
794 1357 991 1435 occasiones,
1025 1362 1057 1422 et
1088 1363 1187 1424 auctae
1218 1364 1294 1424 sunt

138 1462 274 1526 nimium
297 1464 380 1528 vires
403 1487 511 1528 eorum
535 1487 613 1548 quos
637 1463 757 1547 petitis,
781 1467 814 1526 et
836 1463 1017 1528 alienantur
1039 1486 1057 1526 a
1080 1464 1169 1528 vobis
1191 1464 1295 1528 indies

139 1568 241 1652 magis
265 1572 359 1651 atque
382 1570 484 1654 magis
508 1569 674 1634 hominum
701 1567 810 1633 animi.
857 1568 944 1632 Num
968 1573 1073 1635 autem
1097 1570 1221 1654 putatis
1243 1569 1293 1633 fu·

138 1676 266 1750 turum,
299 1677 336 1738 ut
367 1675 498 1739 redeant
520 1676 554 1738 in
578 1675 734 1761 gremium
758 1679 898 1739 vestrum
922 1676 1117 1739 adversarii?
1163 1675 1298 1739 Frustra

140 1783 223 1842 certe
245 1780 376 1860 putatis,
401 1802 475 1843 nam
491 1784 612 1845 terrent
628 1803 681 1845 eos
696 1781 841 1866 vestigia.
873 1781 925 1844 An
942 1803 1015 1845 vero
1031 1782 1075 1845 sio
1091 1781 1284 1845 existimatis

139 1904 204 1947 non
233 1883 373 1948 laturum
404 1908 471 1949 esse
495 1886 596 1950 Deum
628 1887 710 1950 hanc
742 1885 870 1949 illorum
902 1887 1031 1951 avcbis
1062 1886 1295 1952 defectionem?

708 2008 726 2047 s

137 2094 221 2159 fleiss
244 2089 479 2180 fingewendet‚
508 2098 572 2161 und
596 2096 702 2160 nichts
725 2095 846 2161 habent
869 2098 1081 2163 underlassen.
1127 2097 1223 2161 Denn
1247 2119 1296 2161 wo

137 2198 182 2262 sie
205 2221 320 2264 ewerer
342 2222 403 2263 von
430 2205 525 2263 noten
549 2200 684 2285 gehabt‚
721 2201 786 2265 und
820 2202 918 2267 durch
950 2226 1049 2268 ewere
1080 2203 1166 2267 hand
1188 2203 1294 2268 haben

136 2305 278 2387 passiren
303 2299 449 2383 missen,
478 2305 558 2369 habt
581 2305 632 2368 ihr
655 2305 701 2370 sie
724 2306 848 2371 allezcit
871 2309 1037 2394 gendtigt,
1061 2308 1139 2373 euch
1162 2312 1201 2373 nd
1224 2330 1294 2372 ver·

136 2409 270 2488 heissen‚
294 2431 397 2495 gegen
421 2431 529 2501 encre,
558 2413 622 2474 und
647 2433 743 2475 ewers
767 2410 855 2476 stols
879 2414 1117 2499 widerwertige
1142 2412 1292 2489 thetlioh,

135 2516 202 2580 und
224 2515 285 2578 rnit
307 2514 402 2578 ollem
425 2520 513 2578 ernst
536 2518 575 2580 zu
597 2515 745 2580 handlen.
782 2516 847 2582 Das
863 2518 1007 2583 kdnnent
1022 2519 1050 2582 ir
1070 2519 1105 2602 ja
1127 2518 1178 2582 nit
1200 2517 1291 2601 leug-

136 2641 217 2699 nen,
249 2619 326 2683 Was
349 2619 406 2683 hat
428 2620 472 2684 sie
496 2643 561 2683 nun
585 2621 682 2684 daran
706 2622 916 2687 verhindert?
943 2623 1055 2695 vDiser
1078 2625 1190 2688 zweier
1214 2624 1290 2699 eius,

135 2725 293 2789 entwedcr
317 2725 371 2789 das
394 2725 440 2789 sie
469 2747 568 2789 ewcre
599 2726 782 2808 practichen
817 2729 892 2793 inen
927 2729 1018 2794 nicht
1049 2729 1154 2793 haben
1187 2730 1289 2793 lassen

135 2830 292 2914 gefallen‚
324 2831 398 2894 oder
430 2831 526 2907 aber,
559 2831 613 2894 das
644 2831 689 2895 sie
723 2854 784 2895 von
806 2855 915 2918 wegen
939 2835 1071 2898 anderer
1093 2834 1288 2900 nfifallendcr

133 2935 344 3001 beschwernis
366 2937 470 3001 haben
492 2931 618 3000 mirssen
640 2937 786 3001 zirsehcn.
832 2937 927 3016 Nun,
960 2939 1043 3002 diser
1075 2961 1193 3024 verzug
1223 2940 1286 3003 und

135 3041 299 3106 hindernis
329 3042 478 3106 welchem
512 3042 569 3106 teil
599 3044 640 3106 ist
670 3064 779 3106 eram
802 3044 1014 3107 nutzlichstcn
1037 3047 1209 3128 gewesen‘?
1255 3044 1286 3108 lr

135 3145 359 3212 bedanckens¹
384 3147 462 3211 euch
482 3147 607 3212 freilich
631 3148 679 3211 nit
702 3147 776 3225 fast,
801 3149 885 3212 daun
909 3149 937 3211 ir
960 3149 1079 3213 habent
1101 3150 1226 3215 seidher
1242 3149 1285 3213 vil

135 3255 229 3337 guter
251 3252 365 3315 bisslin
390 3253 541 3316 verloren.

222 3356 299 3421 Wcs
323 3361 501 3441 getrtstent
524 3357 575 3421 ihr
598 3357 676 3421 euch
699 3357 774 3422 aber
790 3358 846 3421 inu
863 3359 959 3422 allem
976 3359 1064 3423 discn
1081 3360 1198 3424 onfal?
1228 3360 1289 3423 Mit

134 3461 251 3546 gewalt
273 3461 414 3526 werdent
436 3460 464 3524 ir
488 3462 593 3525 nichts
616 3462 743 3527 kdnnen
767 3463 922 3542 anfahen‚
958 3465 985 3527 ir
1008 3464 1129 3528 habent
1152 3469 1191 3529 zh
1214 3465 1289 3549 lang

133 3566 342 3652 geschlaffen‚
377 3568 405 3630 ir
427 3567 558 3631 hument
578 3568 609 3650 je
631 3568 741 3653 longer
762 3569 794 3652 je
817 3569 906 3631 mehr
930 3570 962 3632 in
987 3577 1134 3653 grtssern
1157 3592 1288 3656 argwon

132 3674 184 3739 bei
203 3674 375 3758 jederman‚
400 3674 428 3737 ir
452 3674 579 3738 schcnts
597 3697 652 3737 vor
667 3697 781 3759 angen.
822 3673 905 3741 Odor
929 3674 1003 3738 aber
1027 3675 1205 3739 verhoffent
1228 3675 1288 3751 ihr,

132 3779 177 3842 sie
199 3778 323 3842 werden
347 3778 488 3842 endtlich
511 3779 685 3842 widerumb
709 3782 748 3844 nir
771 3778 859 3857 euch,
884 3779 930 3841 als
950 3783 1021 3843 zum
1037 3779 1167 3843 rechten
1184 3779 1288 3844 schaf-

132 3882 207 3946 stall
230 3883 370 3946 homen?
406 3881 458 3946 Sic
481 3882 626 3947 fdrchten
650 3884 718 3947 sich
742 3879 815 3948 libel
838 3904 896 3946 vor
920 3884 1036 3948 diesem
1059 3884 1144 3961 stall,
1168 3885 1234 3948 und
1257 3906 1288 3948 es

131 3986 228 4072 gehet
251 3986 325 4050 inen
349 3986 407 4049 wie
430 3986 499 4050 dem
523 3986 634 4064 luchs,
669 3989 723 4052 der
754 3993 826 4053 zum
856 3988 954 4052 leuen
987 3989 1037 4053 nit
1067 3989 1179 4052 hinein
1202 3989 1286 4052 wolt.

132 4090 286 4176 Meynent
309 4092 338 4155 ir
361 4091 469 4169 daun,
505 4090 568 4155 Got
591 4095 690 4157 werds
714 4094 764 4158 nit
786 4095 863 4178 lang
896 4097 1079 4179 gestamen,
1114 4095 1179 4158 und
1204 4093 1287 4158 werd

213 4333 225 4386 1
254 4331 289 4387 So
314 4332 387 4386 nach
414 4333 468 4387 den
495 4333 793 4420 druckfehlerverbess.
813 4336 863 4391 der
882 4336 1006 4406 ausgabe
1028 4338 1103 4392 1541.
1126 4338 1213 4394 1542:
1242 4337 1286 4393 bc-

132 4418 279 4475 denckens.
