<?xml version="1.0" encoding="UTF-8"?>
<!DOCTYPE html PUBLIC "-//W3C//DTD XHTML 1.0 Transitional//EN"
    "http://www.w3.org/TR/xhtml1/DTD/xhtml1-transitional.dtd">
<html xmlns="http://www.w3.org/1999/xhtml" xml:lang="en" lang="en">
 <head>
  <title>
</title>
<meta http-equiv="Content-Type" content="text/html;charset=utf-8" />
  <meta name='ocr-system' content='tesseract 3.04.00' />
  <meta name='ocr-capabilities' content='ocr_page ocr_carea ocr_par ocr_line ocrx_word'/>
</head>
<body>
  <div class='ocr_page' id='page_1' title='image "./zweiredenankais00sleigoog/zweiredenankais00sleigoog_0113.png"; bbox 0 0 2850 5018; ppageno 0'>
   <div class='ocr_carea' id='block_1_1' title="bbox 616 338 656 400">
    <p class='ocr_par' dir='ltr' id='par_1_1' title="bbox 616 338 656 400">
     <span class='ocr_line' id='line_1_1' title="bbox 616 338 656 400; baseline 0.025 -1"><span class='ocrx_word' id='word_1_1' title='bbox 616 338 656 400; x_wconf 86' lang='grc'>99</span> 
     </span>
    </p>
   </div>
   <div class='ocr_carea' id='block_1_2' title="bbox 51 507 1224 4271">
    <p class='ocr_par' dir='ltr' id='par_1_2' title="bbox 51 507 1217 2588">
     <span class='ocr_line' id='line_1_2' title="bbox 51 507 1211 593; baseline 0.002 -21"><span class='ocrx_word' id='word_1_2' title='bbox 51 508 230 592; x_wconf 86' lang='lat' dir='ltr'>multisque</span> <span class='ocrx_word' id='word_1_3' title='bbox 254 507 325 574; x_wconf 88' lang='lat' dir='ltr'>aliis</span> <span class='ocrx_word' id='word_1_4' title='bbox 341 510 448 593; x_wconf 84' lang='lat' dir='ltr'>regnis</span> <span class='ocrx_word' id='word_1_5' title='bbox 464 531 529 572; x_wconf 88' lang='lat' dir='ltr'>non</span> <span class='ocrx_word' id='word_1_6' title='bbox 545 531 611 574; x_wconf 88' lang='lat' dir='ltr'>esse</span> <span class='ocrx_word' id='word_1_7' title='bbox 627 513 753 573; x_wconf 87' lang='lat' dir='ltr'>tantum</span> <span class='ocrx_word' id='word_1_8' title='bbox 770 514 826 574; x_wconf 90' lang='lat' dir='ltr'>aut</span> <span class='ocrx_word' id='word_1_9' title='bbox 843 509 972 574; x_wconf 89' lang='lat' dir='ltr'>virtutis</span> <span class='ocrx_word' id='word_1_10' title='bbox 987 513 1044 573; x_wconf 88' lang='lat' dir='ltr'>ant</span> <span class='ocrx_word' id='word_1_11' title='bbox 1059 508 1211 574; x_wconf 78' lang='lat' dir='ltr'>doctrinas</span> 
     </span>
     <span class='ocr_line' id='line_1_3' title="bbox 52 615 1210 699; baseline 0.001 -21"><span class='ocrx_word' id='word_1_12' title='bbox 52 618 84 678; x_wconf 90' lang='lat' dir='ltr'>et</span> <span class='ocrx_word' id='word_1_13' title='bbox 109 615 332 692; x_wconf 67' lang='lat' dir='ltr'>auctoritate,</span> <span class='ocrx_word' id='word_1_14' title='bbox 362 619 517 696; x_wconf 89' lang='lat' dir='ltr'>quantum</span> <span class='ocrx_word' id='word_1_15' title='bbox 541 615 645 677; x_wconf 90' lang='lat' dir='ltr'>estin</span> <span class='ocrx_word' id='word_1_16' title='bbox 669 615 783 699; x_wconf 85' lang='lat' dir='ltr'>exiguo</span> <span class='ocrx_word' id='word_1_17' title='bbox 807 619 918 678; x_wconf 86' lang='lat' dir='ltr'>senatu</span> <span class='ocrx_word' id='word_1_18' title='bbox 942 615 1078 699; x_wconf 85' lang='lat' dir='ltr'>triginta</span> <span class='ocrx_word' id='word_1_19' title='bbox 1099 617 1149 680; x_wconf 88' lang='lat' dir='ltr'>vel</span> <span class='ocrx_word' id='word_1_20' title='bbox 1172 617 1210 681; x_wconf 89' lang='lat' dir='ltr'>ad</span> 
     </span>
     <span class='ocr_line' id='line_1_4' title="bbox 53 719 1210 806; baseline 0.003 -24"><span class='ocrx_word' id='word_1_21' title='bbox 53 741 218 782; x_wconf 88' lang='lat' dir='ltr'>summum</span> <span class='ocrx_word' id='word_1_22' title='bbox 242 719 455 804; x_wconf 82' lang='lat' dir='ltr'>quadraginta</span> <span class='ocrx_word' id='word_1_23' title='bbox 476 725 725 805; x_wconf 88' lang='lat' dir='ltr'>purpuratorum</span> <span class='ocrx_word' id='word_1_24' title='bbox 748 723 901 805; x_wconf 76' lang='lat' dir='ltr'>patrum?</span> <span class='ocrx_word' id='word_1_25' title='bbox 951 720 1013 784; x_wconf 89' lang='lat' dir='ltr'>Pro</span> <span class='ocrx_word' id='word_1_26' title='bbox 1042 721 1210 806; x_wconf 90' lang='lat' dir='ltr'>impuden-</span> 
     </span>
     <span class='ocr_line' id='line_1_5' title="bbox 54 825 1210 909; baseline 0.003 -22"><span class='ocrx_word' id='word_1_27' title='bbox 54 825 134 888; x_wconf 87' lang='lat' dir='ltr'>tiam</span> <span class='ocrx_word' id='word_1_28' title='bbox 158 825 349 901; x_wconf 75' lang='lat' dir='ltr'>inauditam,</span> <span class='ocrx_word' id='word_1_29' title='bbox 373 831 405 889; x_wconf 91' lang='lat' dir='ltr'>et</span> <span class='ocrx_word' id='word_1_30' title='bbox 427 848 446 889; x_wconf 86' lang='lat' dir='ltr'>a</span> <span class='ocrx_word' id='word_1_31' title='bbox 469 830 501 889; x_wconf 88' lang='lat' dir='ltr'>te</span> <span class='ocrx_word' id='word_1_32' title='bbox 524 826 670 890; x_wconf 80' lang='lat' dir='ltr'>miseram</span> <span class='ocrx_word' id='word_1_33' title='bbox 695 825 908 901; x_wconf 80' lang='lat' dir='ltr'>Germaniam,</span> <span class='ocrx_word' id='word_1_34' title='bbox 934 848 1005 909; x_wconf 85' lang='lat' dir='ltr'>quae</span> <span class='ocrx_word' id='word_1_35' title='bbox 1026 826 1105 890; x_wconf 88' lang='lat' dir='ltr'>tales</span> <span class='ocrx_word' id='word_1_36' title='bbox 1128 831 1210 890; x_wconf 85' lang='lat' dir='ltr'>tam-</span> 
     </span>
     <span class='ocr_line' id='line_1_6' title="bbox 53 929 1212 1015; baseline 0.001 -22"><span class='ocrx_word' id='word_1_37' title='bbox 53 952 116 1013; x_wconf 89' lang='lat' dir='ltr'>que</span> <span class='ocrx_word' id='word_1_38' title='bbox 139 929 309 1012; x_wconf 88' lang='lat' dir='ltr'>pestiferos</span> <span class='ocrx_word' id='word_1_39' title='bbox 332 930 416 994; x_wconf 85' lang='lat' dir='ltr'>fetus</span> <span class='ocrx_word' id='word_1_40' title='bbox 439 931 560 1015; x_wconf 84' lang='lat' dir='ltr'>gremio</span> <span class='ocrx_word' id='word_1_41' title='bbox 584 936 640 995; x_wconf 92' lang='lat' dir='ltr'>tuo</span> <span class='ocrx_word' id='word_1_42' title='bbox 664 932 750 994; x_wconf 87' lang='lat' dir='ltr'>foves</span> <span class='ocrx_word' id='word_1_43' title='bbox 774 953 809 995; x_wconf 86' lang='lat' dir='ltr'>ac</span> <span class='ocrx_word' id='word_1_44' title='bbox 832 931 964 1008; x_wconf 73' lang='lat' dir='ltr'>edueaS,</span> <span class='ocrx_word' id='word_1_45' title='bbox 999 932 1054 1014; x_wconf 93' lang='lat' dir='ltr'>qui</span> <span class='ocrx_word' id='word_1_46' title='bbox 1084 936 1212 996; x_wconf 92' lang='lat' dir='ltr'>tuorum</span> 
     </span>
     <span class='ocr_line' id='line_1_7' title="bbox 55 1034 1212 1119; baseline 0 -20"><span class='ocrx_word' id='word_1_47' title='bbox 55 1034 199 1110; x_wconf 89' lang='lat' dir='ltr'>hostium</span> <span class='ocrx_word' id='word_1_48' title='bbox 224 1035 399 1098; x_wconf 71' lang='lat' dir='ltr'>utilitatem</span> <span class='ocrx_word' id='word_1_49' title='bbox 423 1035 529 1119; x_wconf 89' lang='lat' dir='ltr'>potius</span> <span class='ocrx_word' id='word_1_50' title='bbox 553 1059 648 1119; x_wconf 81' lang='lat' dir='ltr'>quam</span> <span class='ocrx_word' id='word_1_51' title='bbox 672 1040 758 1099; x_wconf 89' lang='lat' dir='ltr'>tuam</span> <span class='ocrx_word' id='word_1_52' title='bbox 784 1041 930 1119; x_wconf 88' lang='lat' dir='ltr'>spectant</span> <span class='ocrx_word' id='word_1_53' title='bbox 953 1036 1087 1102; x_wconf 87' lang='lat' dir='ltr'>salutem</span> <span class='ocrx_word' id='word_1_54' title='bbox 1110 1037 1212 1100; x_wconf 89' lang='lat' dir='ltr'>etin·</span> 
     </span>
     <span class='ocr_line' id='line_1_8' title="bbox 56 1139 1214 1224; baseline 0.003 -22"><span class='ocrx_word' id='word_1_55' title='bbox 56 1139 286 1203; x_wconf 87' lang='lat' dir='ltr'>columitatem.</span> <span class='ocrx_word' id='word_1_56' title='bbox 341 1139 504 1223; x_wconf 81' lang='lat' dir='ltr'>Ejusmodi</span> <span class='ocrx_word' id='word_1_57' title='bbox 536 1141 765 1203; x_wconf 88' lang='lat' dir='ltr'>sententiarum</span> <span class='ocrx_word' id='word_1_58' title='bbox 800 1144 831 1202; x_wconf 90' lang='lat' dir='ltr'>et</span> <span class='ocrx_word' id='word_1_59' title='bbox 865 1140 1032 1203; x_wconf 85' lang='lat' dir='ltr'>verborum</span> <span class='ocrx_word' id='word_1_60' title='bbox 1065 1144 1214 1224; x_wconf 89' lang='lat' dir='ltr'>portenta</span> 
     </span>
     <span class='ocr_line' id='line_1_9' title="bbox 55 1244 1213 1329; baseline -0.003 -20"><span class='ocrx_word' id='word_1_61' title='bbox 55 1244 243 1309; x_wconf 86' lang='lat' dir='ltr'>scribuntur</span> <span class='ocrx_word' id='word_1_62' title='bbox 267 1249 299 1308; x_wconf 93' lang='lat' dir='ltr'>et</span> <span class='ocrx_word' id='word_1_63' title='bbox 322 1245 572 1329; x_wconf 81' lang='lat' dir='ltr'>pronuntiantur</span> <span class='ocrx_word' id='word_1_64' title='bbox 596 1245 629 1307; x_wconf 91' lang='lat' dir='ltr'>in</span> <span class='ocrx_word' id='word_1_65' title='bbox 645 1245 769 1320; x_wconf 77' lang='lat' dir='ltr'>restria,</span> <span class='ocrx_word' id='word_1_66' title='bbox 793 1245 960 1308; x_wconf 80' lang='lat' dir='ltr'>clarissimi</span> <span class='ocrx_word' id='word_1_67' title='bbox 984 1245 1054 1321; x_wconf 86' lang='lat' dir='ltr'>viri,</span> <span class='ocrx_word' id='word_1_68' title='bbox 1079 1245 1213 1309; x_wconf 87' lang='lat' dir='ltr'>dicioni·</span> 
     </span>
     <span class='ocr_line' id='line_1_10' title="bbox 55 1349 1213 1434; baseline 0 -21"><span class='ocrx_word' id='word_1_69' title='bbox 55 1351 127 1414; x_wconf 91' lang='lat' dir='ltr'>bus.</span> <span class='ocrx_word' id='word_1_70' title='bbox 172 1350 257 1426; x_wconf 80' lang='lat' dir='ltr'>Quid</span> <span class='ocrx_word' id='word_1_71' title='bbox 289 1351 326 1414; x_wconf 89' lang='lat' dir='ltr'>de</span> <span class='ocrx_word' id='word_1_72' title='bbox 358 1351 446 1414; x_wconf 86' lang='lat' dir='ltr'>vobis</span> <span class='ocrx_word' id='word_1_73' title='bbox 474 1351 630 1434; x_wconf 88' lang='lat' dir='ltr'>judicabit</span> <span class='ocrx_word' id='word_1_74' title='bbox 665 1354 760 1433; x_wconf 90' lang='lat' dir='ltr'>atque</span> <span class='ocrx_word' id='word_1_75' title='bbox 789 1349 905 1413; x_wconf 89' lang='lat' dir='ltr'>sentiet</span> <span class='ocrx_word' id='word_1_76' title='bbox 935 1350 1104 1433; x_wconf 80' lang='lat' dir='ltr'>posteritas</span> <span class='ocrx_word' id='word_1_77' title='bbox 1135 1349 1213 1432; x_wconf 86' lang='lat' dir='ltr'>ipsa,</span> 
     </span>
     <span class='ocr_line' id='line_1_11' title="bbox 58 1453 1214 1539; baseline -0.002 -20"><span class='ocrx_word' id='word_1_78' title='bbox 58 1459 182 1519; x_wconf 86' lang='lat' dir='ltr'>tantam</span> <span class='ocrx_word' id='word_1_79' title='bbox 217 1455 383 1520; x_wconf 84' lang='lat' dir='ltr'>audaciam</span> <span class='ocrx_word' id='word_1_80' title='bbox 419 1456 446 1517; x_wconf 90' lang='lat' dir='ltr'>si</span> <span class='ocrx_word' id='word_1_81' title='bbox 481 1477 544 1518; x_wconf 87' lang='lat' dir='ltr'>non</span> <span class='ocrx_word' id='word_1_82' title='bbox 579 1454 789 1518; x_wconf 81' lang='lat' dir='ltr'>coercebitis?</span> <span class='ocrx_word' id='word_1_83' title='bbox 844 1453 965 1539; x_wconf 86' lang='lat' dir='ltr'>Negari</span> <span class='ocrx_word' id='word_1_84' title='bbox 999 1476 1063 1518; x_wconf 91' lang='lat' dir='ltr'>non</span> <span class='ocrx_word' id='word_1_85' title='bbox 1098 1458 1214 1537; x_wconf 87' lang='lat' dir='ltr'>potest,</span> 
     </span>
     <span class='ocr_line' id='line_1_12' title="bbox 57 1559 1214 1643; baseline -0.002 -19"><span class='ocrx_word' id='word_1_86' title='bbox 57 1564 227 1624; x_wconf 85' lang='lat' dir='ltr'>versantur</span> <span class='ocrx_word' id='word_1_87' title='bbox 250 1561 282 1623; x_wconf 93' lang='lat' dir='ltr'>in</span> <span class='ocrx_word' id='word_1_88' title='bbox 308 1561 455 1625; x_wconf 86' lang='lat' dir='ltr'>manibus</span> <span class='ocrx_word' id='word_1_89' title='bbox 479 1561 622 1623; x_wconf 85' lang='lat' dir='ltr'>omniurn</span> <span class='ocrx_word' id='word_1_90' title='bbox 645 1560 729 1635; x_wconf 82' lang='lat' dir='ltr'>libri,</span> <span class='ocrx_word' id='word_1_91' title='bbox 754 1559 809 1643; x_wconf 88' lang='lat' dir='ltr'>qui</span> <span class='ocrx_word' id='word_1_92' title='bbox 832 1559 894 1623; x_wconf 88' lang='lat' dir='ltr'>ista</span> <span class='ocrx_word' id='word_1_93' title='bbox 912 1560 1088 1635; x_wconf 89' lang='lat' dir='ltr'>continent,</span> <span class='ocrx_word' id='word_1_94' title='bbox 1113 1580 1214 1642; x_wconf 89' lang='lat' dir='ltr'>neque</span> 
     </span>
     <span class='ocr_line' id='line_1_13' title="bbox 60 1664 1216 1750; baseline -0.001 -22"><span class='ocrx_word' id='word_1_95' title='bbox 60 1666 174 1730; x_wconf 88' lang='lat' dir='ltr'>desunt</span> <span class='ocrx_word' id='word_1_96' title='bbox 198 1688 237 1729; x_wconf 88' lang='lat' dir='ltr'>ex</span> <span class='ocrx_word' id='word_1_97' title='bbox 260 1665 359 1745; x_wconf 87' lang='lat' dir='ltr'>vobis,</span> <span class='ocrx_word' id='word_1_98' title='bbox 385 1667 440 1748; x_wconf 92' lang='lat' dir='ltr'>qui</span> <span class='ocrx_word' id='word_1_99' title='bbox 463 1667 529 1730; x_wconf 87' lang='lat' dir='ltr'>suis</span> <span class='ocrx_word' id='word_1_100' title='bbox 552 1667 586 1728; x_wconf 92' lang='lat' dir='ltr'>in</span> <span class='ocrx_word' id='word_1_101' title='bbox 610 1664 909 1748; x_wconf 82' lang='lat' dir='ltr'>disceptationibus,</span> <span class='ocrx_word' id='word_1_102' title='bbox 932 1669 968 1729; x_wconf 93' lang='lat' dir='ltr'>ut</span> <span class='ocrx_word' id='word_1_103' title='bbox 990 1686 1073 1750; x_wconf 85' lang='lat' dir='ltr'>aegre</span> <span class='ocrx_word' id='word_1_104' title='bbox 1095 1664 1216 1730; x_wconf 86' lang='lat' dir='ltr'>faciant</span> 
     </span>
     <span class='ocr_line' id='line_1_14' title="bbox 59 1771 1215 1853; baseline -0.002 -19"><span class='ocrx_word' id='word_1_105' title='bbox 59 1771 269 1849; x_wconf 74' lang='lat' dir='ltr'>adversariiS,</span> <span class='ocrx_word' id='word_1_106' title='bbox 292 1771 348 1836; x_wconf 91' lang='lat' dir='ltr'>illa</span> <span class='ocrx_word' id='word_1_107' title='bbox 371 1772 505 1835; x_wconf 86' lang='lat' dir='ltr'>mirifice</span> <span class='ocrx_word' id='word_1_108' title='bbox 528 1774 794 1849; x_wconf 85' lang='lat' dir='ltr'>commemorant,</span> <span class='ocrx_word' id='word_1_109' title='bbox 824 1775 972 1853; x_wconf 86' lang='lat' dir='ltr'>repetunt</span> <span class='ocrx_word' id='word_1_110' title='bbox 995 1775 1027 1834; x_wconf 91' lang='lat' dir='ltr'>et</span> <span class='ocrx_word' id='word_1_111' title='bbox 1050 1773 1215 1847; x_wconf 86' lang='lat' dir='ltr'>exornant,</span> 
     </span>
     <span class='ocr_line' id='line_1_15' title="bbox 60 1876 1214 1961; baseline 0 -21"><span class='ocrx_word' id='word_1_112' title='bbox 60 1876 150 1959; x_wconf 89' lang='lat' dir='ltr'>quasi</span> <span class='ocrx_word' id='word_1_113' title='bbox 176 1876 256 1939; x_wconf 87' lang='lat' dir='ltr'>talia</span> <span class='ocrx_word' id='word_1_114' title='bbox 278 1877 361 1955; x_wconf 87' lang='lat' dir='ltr'>sint,</span> <span class='ocrx_word' id='word_1_115' title='bbox 393 1900 463 1961; x_wconf 87' lang='lat' dir='ltr'>quae</span> <span class='ocrx_word' id='word_1_116' title='bbox 493 1899 650 1941; x_wconf 88' lang='lat' dir='ltr'>summam</span> <span class='ocrx_word' id='word_1_117' title='bbox 680 1880 796 1940; x_wconf 87' lang='lat' dir='ltr'>nostrae</span> <span class='ocrx_word' id='word_1_118' title='bbox 818 1876 931 1940; x_wconf 89' lang='lat' dir='ltr'>salutis</span> <span class='ocrx_word' id='word_1_119' title='bbox 954 1877 1214 1959; x_wconf 81' lang='lat' dir='ltr'>complectantur.</span> 
     </span>
     <span class='ocr_line' id='line_1_16' title="bbox 59 1980 1214 2065; baseline -0.001 -22"><span class='ocrx_word' id='word_1_120' title='bbox 59 1980 111 2043; x_wconf 86' lang='lat' dir='ltr'>An</span> <span class='ocrx_word' id='word_1_121' title='bbox 135 1980 260 2063; x_wconf 89' lang='lat' dir='ltr'>putatis</span> <span class='ocrx_word' id='word_1_122' title='bbox 283 1982 455 2064; x_wconf 89' lang='lat' dir='ltr'>majoribus</span> <span class='ocrx_word' id='word_1_123' title='bbox 479 1982 602 2059; x_wconf 89' lang='lat' dir='ltr'>vestris,</span> <span class='ocrx_word' id='word_1_124' title='bbox 626 1983 681 2065; x_wconf 90' lang='lat' dir='ltr'>qui</span> <span class='ocrx_word' id='word_1_125' title='bbox 704 1981 830 2045; x_wconf 85' lang='lat' dir='ltr'>fortiter</span> <span class='ocrx_word' id='word_1_126' title='bbox 854 2003 935 2064; x_wconf 86' lang='lat' dir='ltr'>saepe</span> <span class='ocrx_word' id='word_1_127' title='bbox 958 1981 1146 2045; x_wconf 90' lang='lat' dir='ltr'>restiterunt</span> <span class='ocrx_word' id='word_1_128' title='bbox 1161 2000 1214 2042; x_wconf 90' lang='lat' dir='ltr'>su·</span> 
     </span>
     <span class='ocr_line' id='line_1_17' title="bbox 60 2082 1216 2178; baseline -0.003 -29"><span class='ocrx_word' id='word_1_129' title='bbox 60 2087 182 2169; x_wconf 84' lang='lat' dir='ltr'>perbiae</span> <span class='ocrx_word' id='word_1_130' title='bbox 204 2087 409 2170; x_wconf 88' lang='lat' dir='ltr'>pontificum,</span> <span class='ocrx_word' id='word_1_131' title='bbox 438 2094 471 2152; x_wconf 91' lang='lat' dir='ltr'>et</span> <span class='ocrx_word' id='word_1_132' title='bbox 493 2089 716 2178; x_wconf 78' lang='lat' dir='ltr'>imperatores,</span> <span class='ocrx_word' id='word_1_133' title='bbox 739 2091 776 2150; x_wconf 91' lang='lat' dir='ltr'>ut</span> <span class='ocrx_word' id='word_1_134' title='bbox 799 2087 882 2149; x_wconf 89' lang='lat' dir='ltr'>idem</span> <span class='ocrx_word' id='word_1_135' title='bbox 903 2085 1064 2163; x_wconf 84' lang='lat' dir='ltr'>tacerent,</span> <span class='ocrx_word' id='word_1_136' title='bbox 1097 2082 1216 2148; x_wconf 87' lang='lat' dir='ltr'>hortati</span> 
     </span>
     <span class='ocr_line' id='line_1_18' title="bbox 59 2190 1215 2277; baseline -0.001 -24"><span class='ocrx_word' id='word_1_137' title='bbox 59 2196 146 2268; x_wconf 87' lang='lat' dir='ltr'>sunt,</span> <span class='ocrx_word' id='word_1_138' title='bbox 170 2191 255 2254; x_wconf 88' lang='lat' dir='ltr'>sicut</span> <span class='ocrx_word' id='word_1_139' title='bbox 276 2193 436 2257; x_wconf 87' lang='lat' dir='ltr'>memoriae</span> <span class='ocrx_word' id='word_1_140' title='bbox 460 2193 619 2277; x_wconf 88' lang='lat' dir='ltr'>proditum</span> <span class='ocrx_word' id='word_1_141' title='bbox 641 2197 698 2269; x_wconf 86' lang='lat' dir='ltr'>est,</span> <span class='ocrx_word' id='word_1_142' title='bbox 722 2213 862 2274; x_wconf 88' lang='lat' dir='ltr'>unquam</span> <span class='ocrx_word' id='word_1_143' title='bbox 878 2192 911 2254; x_wconf 89' lang='lat' dir='ltr'>in</span> <span class='ocrx_word' id='word_1_144' title='bbox 929 2195 1067 2256; x_wconf 89' lang='lat' dir='ltr'>mentem</span> <span class='ocrx_word' id='word_1_145' title='bbox 1083 2190 1215 2267; x_wconf 86' lang='lat' dir='ltr'>venisse,</span> 
     </span>
     <span class='ocr_line' id='line_1_19' title="bbox 60 2294 1217 2381; baseline -0.002 -23"><span class='ocrx_word' id='word_1_146' title='bbox 60 2299 97 2358; x_wconf 90' lang='lat' dir='ltr'>ut</span> <span class='ocrx_word' id='word_1_147' title='bbox 131 2295 332 2378; x_wconf 84' lang='lat' dir='ltr'>cogitarent,</span> <span class='ocrx_word' id='word_1_148' title='bbox 366 2296 511 2381; x_wconf 73' lang='lat' dir='ltr'>futurum</span> <span class='ocrx_word' id='word_1_149' title='bbox 541 2298 712 2381; x_wconf 84' lang='lat' dir='ltr'>aliquando</span> <span class='ocrx_word' id='word_1_150' title='bbox 735 2302 861 2379; x_wconf 90' lang='lat' dir='ltr'>tempus</span> <span class='ocrx_word' id='word_1_151' title='bbox 884 2296 960 2360; x_wconf 89' lang='lat' dir='ltr'>adeo</span> <span class='ocrx_word' id='word_1_152' title='bbox 984 2294 1217 2359; x_wconf 84' lang='lat' dir='ltr'>tenebricosum</span> 
     </span>
     <span class='ocr_line' id='line_1_20' title="bbox 59 2398 1217 2485; baseline -0.002 -22"><span class='ocrx_word' id='word_1_153' title='bbox 59 2404 92 2463; x_wconf 92' lang='lat' dir='ltr'>et</span> <span class='ocrx_word' id='word_1_154' title='bbox 116 2398 251 2479; x_wconf 82' lang='lat' dir='ltr'>infelix,</span> <span class='ocrx_word' id='word_1_155' title='bbox 287 2403 324 2464; x_wconf 91' lang='lat' dir='ltr'>nt</span> <span class='ocrx_word' id='word_1_156' title='bbox 354 2402 507 2485; x_wconf 87' lang='lat' dir='ltr'>ejusmodi</span> <span class='ocrx_word' id='word_1_157' title='bbox 529 2422 620 2465; x_wconf 85' lang='lat' dir='ltr'>voees</span> <span class='ocrx_word' id='word_1_158' title='bbox 643 2401 865 2464; x_wconf 88' lang='lat' dir='ltr'>emitterentur</span> <span class='ocrx_word' id='word_1_159' title='bbox 888 2405 944 2463; x_wconf 85' lang='lat' dir='ltr'>aut</span> <span class='ocrx_word' id='word_1_160' title='bbox 970 2422 988 2462; x_wconf 90' lang='lat' dir='ltr'>a</span> <span class='ocrx_word' id='word_1_161' title='bbox 1011 2398 1145 2482; x_wconf 88' lang='lat' dir='ltr'>posteris</span> <span class='ocrx_word' id='word_1_162' title='bbox 1168 2418 1217 2460; x_wconf 89' lang='lat' dir='ltr'>re·</span> 
     </span>
     <span class='ocr_line' id='line_1_21' title="bbox 59 2504 268 2588; baseline 0.01 -21"><span class='ocrx_word' id='word_1_163' title='bbox 59 2504 268 2588; x_wconf 79' lang='lat' dir='ltr'>ciperentur?</span> 
     </span>
    </p>

    <p class='ocr_par' dir='ltr' id='par_1_3' title="bbox 60 2608 1220 3011">
     <span class='ocr_line' id='line_1_22' title="bbox 150 2608 1216 2695; baseline -0.003 -21"><span class='ocrx_word' id='word_1_164' title='bbox 150 2608 185 2674; x_wconf 87' lang='lat' dir='ltr'>Si</span> <span class='ocrx_word' id='word_1_165' title='bbox 205 2633 270 2694; x_wconf 87' lang='lat' dir='ltr'>qua</span> <span class='ocrx_word' id='word_1_166' title='bbox 293 2611 326 2675; x_wconf 91' lang='lat' dir='ltr'>in</span> <span class='ocrx_word' id='word_1_167' title='bbox 350 2612 514 2695; x_wconf 84' lang='lat' dir='ltr'>republica</span> <span class='ocrx_word' id='word_1_168' title='bbox 533 2612 653 2694; x_wconf 87' lang='lat' dir='ltr'>judices</span> <span class='ocrx_word' id='word_1_169' title='bbox 676 2611 883 2695; x_wconf 83' lang='lat' dir='ltr'>praesiderent</span> <span class='ocrx_word' id='word_1_170' title='bbox 905 2610 1049 2674; x_wconf 91' lang='lat' dir='ltr'>homines</span> <span class='ocrx_word' id='word_1_171' title='bbox 1067 2608 1216 2687; x_wconf 86' lang='lat' dir='ltr'>famelici,</span> 
     </span>
     <span class='ocr_line' id='line_1_23' title="bbox 60 2713 1218 2801; baseline -0.002 -23"><span class='ocrx_word' id='word_1_172' title='bbox 60 2716 151 2779; x_wconf 85' lang='lat' dir='ltr'>avari</span> <span class='ocrx_word' id='word_1_173' title='bbox 181 2720 213 2780; x_wconf 91' lang='lat' dir='ltr'>et</span> <span class='ocrx_word' id='word_1_174' title='bbox 242 2716 384 2796; x_wconf 90' lang='lat' dir='ltr'>indocti,</span> <span class='ocrx_word' id='word_1_175' title='bbox 416 2719 470 2801; x_wconf 89' lang='lat' dir='ltr'>qui</span> <span class='ocrx_word' id='word_1_176' title='bbox 502 2717 604 2801; x_wconf 88' lang='lat' dir='ltr'>pretio</span> <span class='ocrx_word' id='word_1_177' title='bbox 627 2716 781 2799; x_wconf 89' lang='lat' dir='ltr'>redempti</span> <span class='ocrx_word' id='word_1_178' title='bbox 806 2713 941 2801; x_wconf 73' lang='lat' dir='ltr'>quidlvis</span> <span class='ocrx_word' id='word_1_179' title='bbox 966 2715 1128 2791; x_wconf 85' lang='lat' dir='ltr'>facerent,</span> <span class='ocrx_word' id='word_1_180' title='bbox 1164 2713 1218 2796; x_wconf 91' lang='lat' dir='ltr'>qni</span> 
     </span>
     <span class='ocr_line' id='line_1_24' title="bbox 63 2820 1218 2906; baseline -0.001 -23"><span class='ocrx_word' id='word_1_181' title='bbox 63 2824 197 2903; x_wconf 90' lang='lat' dir='ltr'>propter</span> <span class='ocrx_word' id='word_1_182' title='bbox 219 2821 301 2886; x_wconf 90' lang='lat' dir='ltr'>male</span> <span class='ocrx_word' id='word_1_183' title='bbox 324 2826 356 2886; x_wconf 91' lang='lat' dir='ltr'>et</span> <span class='ocrx_word' id='word_1_184' title='bbox 379 2823 486 2906; x_wconf 88' lang='lat' dir='ltr'>inique</span> <span class='ocrx_word' id='word_1_185' title='bbox 509 2822 766 2885; x_wconf 90' lang='lat' dir='ltr'>administratum</span> <span class='ocrx_word' id='word_1_186' title='bbox 793 2820 845 2903; x_wconf 86' lang='lat' dir='ltr'>jus</span> <span class='ocrx_word' id='word_1_187' title='bbox 876 2841 1001 2902; x_wconf 89' lang='lat' dir='ltr'>poenam</span> <span class='ocrx_word' id='word_1_188' title='bbox 1026 2824 1131 2882; x_wconf 87' lang='lat' dir='ltr'>esseut</span> <span class='ocrx_word' id='word_1_189' title='bbox 1154 2841 1218 2882; x_wconf 88' lang='lat' dir='ltr'>me-</span> 
     </span>
     <span class='ocr_line' id='line_1_25' title="bbox 62 2923 1220 3011; baseline -0.003 -23"><span class='ocrx_word' id='word_1_190' title='bbox 62 2926 120 2988; x_wconf 89' lang='lat' dir='ltr'>riti</span> <span class='ocrx_word' id='word_1_191' title='bbox 143 2925 268 3011; x_wconf 86' lang='lat' dir='ltr'>legibus</span> <span class='ocrx_word' id='word_1_192' title='bbox 291 2928 493 3010; x_wconf 87' lang='lat' dir='ltr'>praefinitam,</span> <span class='ocrx_word' id='word_1_193' title='bbox 517 2932 549 2991; x_wconf 87' lang='lat' dir='ltr'>et</span> <span class='ocrx_word' id='word_1_194' title='bbox 570 2927 701 2990; x_wconf 90' lang='lat' dir='ltr'>omnino</span> <span class='ocrx_word' id='word_1_195' title='bbox 724 2925 813 3004; x_wconf 78' lang='lat' dir='ltr'>talea,</span> <span class='ocrx_word' id='word_1_196' title='bbox 838 2925 875 2988; x_wconf 90' lang='lat' dir='ltr'>de</span> <span class='ocrx_word' id='word_1_197' title='bbox 899 2924 1013 3006; x_wconf 90' lang='lat' dir='ltr'>quibus</span> <span class='ocrx_word' id='word_1_198' title='bbox 1034 2923 1220 3008; x_wconf 83' lang='lat' dir='ltr'>gravissime</span> 
     </span>
    </p>

    <p class='ocr_par' dir='ltr' id='par_1_4' title="bbox 63 3046 1219 3410">
     <span class='ocr_line' id='line_1_26' title="bbox 635 3046 652 3085; baseline 0 0"><span class='ocrx_word' id='word_1_199' title='bbox 635 3046 652 3085; x_wconf 68' lang='lat' dir='ltr'>a</span> 
     </span>
     <span class='ocr_line' id='line_1_27' title="bbox 63 3130 1218 3221; baseline -0.005 -22"><span class='ocrx_word' id='word_1_200' title='bbox 63 3137 116 3199; x_wconf 92' lang='lat' dir='ltr'>ein</span> <span class='ocrx_word' id='word_1_201' title='bbox 139 3137 234 3219; x_wconf 84' lang='lat' dir='ltr'>yedes</span> <span class='ocrx_word' id='word_1_202' title='bbox 258 3135 445 3221; x_wconf 79' lang='lat' dir='ltr'>besoutler†</span> <span class='ocrx_word' id='word_1_203' title='bbox 476 3137 526 3200; x_wconf 90' lang='lat' dir='ltr'>nit</span> <span class='ocrx_word' id='word_1_204' title='bbox 561 3136 659 3200; x_wconf 89' lang='lat' dir='ltr'>sollen</span> <span class='ocrx_word' id='word_1_205' title='bbox 692 3156 727 3199; x_wconf 89' lang='lat' dir='ltr'>so</span> <span class='ocrx_word' id='word_1_206' title='bbox 757 3134 802 3198; x_wconf 86' lang='lat' dir='ltr'>vil</span> <span class='ocrx_word' id='word_1_207' title='bbox 825 3132 943 3198; x_wconf 89' lang='lat' dir='ltr'>erbar¹</span> <span class='ocrx_word' id='word_1_208' title='bbox 967 3131 1031 3195; x_wconf 91' lang='lat' dir='ltr'>und</span> <span class='ocrx_word' id='word_1_209' title='bbox 1054 3130 1218 3215; x_wconf 85' lang='lat' dir='ltr'>geschich-</span> 
     </span>
     <span class='ocr_line' id='line_1_28' title="bbox 63 3235 1219 3321; baseline -0.007 -16"><span class='ocrx_word' id='word_1_210' title='bbox 63 3241 177 3305; x_wconf 90' lang='lat' dir='ltr'>licbeit</span> <span class='ocrx_word' id='word_1_211' title='bbox 199 3241 320 3321; x_wconf 89' lang='lat' dir='ltr'>haben,</span> <span class='ocrx_word' id='word_1_212' title='bbox 354 3242 401 3307; x_wconf 89' lang='lat' dir='ltr'>als</span> <span class='ocrx_word' id='word_1_213' title='bbox 425 3241 477 3306; x_wconf 86' lang='lat' dir='ltr'>ein</span> <span class='ocrx_word' id='word_1_214' title='bbox 501 3241 731 3306; x_wconf 84' lang='lat' dir='ltr'>Consistorium</span> <span class='ocrx_word' id='word_1_215' title='bbox 755 3261 816 3304; x_wconf 87' lang='lat' dir='ltr'>von</span> <span class='ocrx_word' id='word_1_216' title='bbox 840 3261 913 3302; x_wconf 89' lang='lat' dir='ltr'><strong>xxx.</strong></span> <span class='ocrx_word' id='word_1_217' title='bbox 937 3239 1013 3302; x_wconf 90' lang='lat' dir='ltr'>oder</span> <span class='ocrx_word' id='word_1_218' title='bbox 1035 3235 1124 3299; x_wconf 90' lang='lat' dir='ltr'>mehr</span> <span class='ocrx_word' id='word_1_219' title='bbox 1148 3257 1219 3319; x_wconf 90' lang='lat' dir='ltr'>per-</span> 
     </span>
     <span class='ocr_line' id='line_1_29' title="bbox 63 3349 190 3410; baseline -0.008 -1"><span class='ocrx_word' id='word_1_220' title='bbox 63 3349 190 3410; x_wconf 79' lang='lat' dir='ltr'>sonen?</span> 
     </span>
    </p>

    <p class='ocr_par' dir='ltr' id='par_1_5' title="bbox 64 3439 1224 4271">
     <span class='ocr_line' id='line_1_30' title="bbox 154 3439 1222 3535; baseline -0.004 -21"><span class='ocrx_word' id='word_1_221' title='bbox 154 3449 247 3514; x_wconf 89' lang='lat' dir='ltr'>Wolt</span> <span class='ocrx_word' id='word_1_222' title='bbox 275 3472 354 3535; x_wconf 84' lang='lat' dir='ltr'>geru</span> <span class='ocrx_word' id='word_1_223' title='bbox 385 3451 516 3528; x_wconf 89' lang='lat' dir='ltr'>wissen,</span> <span class='ocrx_word' id='word_1_224' title='bbox 552 3472 644 3513; x_wconf 86' lang='lat' dir='ltr'>wenn</span> <span class='ocrx_word' id='word_1_225' title='bbox 676 3470 785 3535; x_wconf 81' lang='lat' dir='ltr'>grosse</span> <span class='ocrx_word' id='word_1_226' title='bbox 815 3439 1005 3512; x_wconf 55' lang='lat' dir='ltr'>onleidlich&#39;e</span> <span class='ocrx_word' id='word_1_227' title='bbox 1038 3447 1222 3511; x_wconf 84' lang='lat' dir='ltr'>mitlbreuch</span> 
     </span>
     <span class='ocr_line' id='line_1_31' title="bbox 64 3551 1222 3640; baseline -0.004 -21"><span class='ocrx_word' id='word_1_228' title='bbox 64 3556 131 3619; x_wconf 89' lang='lat' dir='ltr'>und</span> <span class='ocrx_word' id='word_1_229' title='bbox 155 3555 332 3640; x_wconf 84' lang='lat' dir='ltr'>gebrechen</span> <span class='ocrx_word' id='word_1_230' title='bbox 357 3554 422 3618; x_wconf 86' lang='lat' dir='ltr'>sich</span> <span class='ocrx_word' id='word_1_231' title='bbox 447 3554 664 3618; x_wconf 88' lang='lat' dir='ltr'>allentbalben</span> <span class='ocrx_word' id='word_1_232' title='bbox 698 3555 731 3617; x_wconf 91' lang='lat' dir='ltr'>in</span> <span class='ocrx_word' id='word_1_233' title='bbox 762 3553 822 3617; x_wconf 89' lang='lat' dir='ltr'>den</span> <span class='ocrx_word' id='word_1_234' title='bbox 850 3553 1028 3616; x_wconf 87' lang='lat' dir='ltr'>weltlioben</span> <span class='ocrx_word' id='word_1_235' title='bbox 1051 3551 1222 3615; x_wconf 89' lang='lat' dir='ltr'>Processen</span> 
     </span>
     <span class='ocr_line' id='line_1_32' title="bbox 68 3655 1224 3745; baseline -0.007 -20"><span class='ocrx_word' id='word_1_236' title='bbox 68 3661 136 3724; x_wconf 90' lang='lat' dir='ltr'>und</span> <span class='ocrx_word' id='word_1_237' title='bbox 151 3659 448 3745; x_wconf 82' lang='lat' dir='ltr'>recbtfertigungen</span> <span class='ocrx_word' id='word_1_238' title='bbox 466 3659 630 3735; x_wconf 87' lang='lat' dir='ltr'>erhielten,</span> <span class='ocrx_word' id='word_1_239' title='bbox 646 3659 687 3723; x_wconf 93' lang='lat' dir='ltr'>ob</span> <span class='ocrx_word' id='word_1_240' title='bbox 702 3681 775 3722; x_wconf 91' lang='lat' dir='ltr'>man</span> <span class='ocrx_word' id='word_1_241' title='bbox 792 3659 896 3721; x_wconf 90' lang='lat' dir='ltr'>einem</span> <span class='ocrx_word' id='word_1_242' title='bbox 907 3657 1029 3734; x_wconf 79' lang='lat' dir='ltr'>Camer,</span> <span class='ocrx_word' id='word_1_243' title='bbox 1054 3655 1126 3737; x_wconf 81' lang='lat'><strong>[64]</strong></span> <span class='ocrx_word' id='word_1_244' title='bbox 1149 3656 1224 3718; x_wconf 89' lang='lat' dir='ltr'>oder</span> 
     </span>
     <span class='ocr_line' id='line_1_33' title="bbox 65 3759 1221 3849; baseline -0.007 -20"><span class='ocrx_word' id='word_1_245' title='bbox 65 3766 197 3829; x_wconf 87' lang='lat' dir='ltr'>anderrn</span> <span class='ocrx_word' id='word_1_246' title='bbox 222 3764 368 3843; x_wconf 72' lang='lat' dir='ltr'>Gerieht,</span> <span class='ocrx_word' id='word_1_247' title='bbox 394 3766 433 3828; x_wconf 88' lang='lat' dir='ltr'>da</span> <span class='ocrx_word' id='word_1_248' title='bbox 457 3786 530 3827; x_wconf 87' lang='lat' dir='ltr'>man</span> <span class='ocrx_word' id='word_1_249' title='bbox 554 3763 736 3849; x_wconf 83' lang='lat' dir='ltr'>eygentlioh</span> <span class='ocrx_word' id='word_1_250' title='bbox 761 3764 864 3838; x_wconf 76' lang='lat' dir='ltr'>aaut,</span> <span class='ocrx_word' id='word_1_251' title='bbox 893 3763 948 3824; x_wconf 77' lang='lat' dir='ltr'>(las</span> <span class='ocrx_word' id='word_1_252' title='bbox 972 3761 1022 3823; x_wconf 88' lang='lat' dir='ltr'>nit</span> <span class='ocrx_word' id='word_1_253' title='bbox 1044 3759 1140 3823; x_wconf 88' lang='lat' dir='ltr'>allein</span> <span class='ocrx_word' id='word_1_254' title='bbox 1163 3781 1221 3822; x_wconf 91' lang='lat' dir='ltr'>on·</span> 
     </span>
     <span class='ocr_line' id='line_1_34' title="bbox 64 3865 1221 3955; baseline -0.006 -22"><span class='ocrx_word' id='word_1_255' title='bbox 64 3869 204 3955; x_wconf 84' lang='lat' dir='ltr'>gelerte,</span> <span class='ocrx_word' id='word_1_256' title='bbox 236 3870 349 3933; x_wconf 88' lang='lat' dir='ltr'>sunder</span> <span class='ocrx_word' id='word_1_257' title='bbox 379 3869 461 3934; x_wconf 86' lang='lat' dir='ltr'>auch</span> <span class='ocrx_word' id='word_1_258' title='bbox 491 3869 670 3953; x_wconf 81' lang='lat' dir='ltr'>hungerige</span> <span class='ocrx_word' id='word_1_259' title='bbox 697 3868 762 3932; x_wconf 89' lang='lat' dir='ltr'>und</span> <span class='ocrx_word' id='word_1_260' title='bbox 790 3867 926 3952; x_wconf 79' lang='lat' dir='ltr'>geitzige</span> <span class='ocrx_word' id='word_1_261' title='bbox 949 3865 1080 3929; x_wconf 82' lang='lat' dir='ltr'>Richter</span> <span class='ocrx_word' id='word_1_262' title='bbox 1104 3869 1221 3942; x_wconf 72' lang='lat' dir='ltr'>utren,</span> 
     </span>
     <span class='ocr_line' id='line_1_35' title="bbox 65 3970 1221 4059; baseline -0.008 -20"><span class='ocrx_word' id='word_1_263' title='bbox 65 3975 118 4039; x_wconf 89' lang='lat' dir='ltr'>die</span> <span class='ocrx_word' id='word_1_264' title='bbox 140 3975 219 4039; x_wconf 88' lang='lat' dir='ltr'>alles</span> <span class='ocrx_word' id='word_1_265' title='bbox 241 3975 318 4037; x_wconf 91' lang='lat' dir='ltr'>umb</span> <span class='ocrx_word' id='word_1_266' title='bbox 341 3975 423 4059; x_wconf 85' lang='lat' dir='ltr'>gelts</span> <span class='ocrx_word' id='word_1_267' title='bbox 446 3973 552 4037; x_wconf 86' lang='lat' dir='ltr'>willen</span> <span class='ocrx_word' id='word_1_268' title='bbox 576 3973 706 4050; x_wconf 84' lang='lat' dir='ltr'>tb&#39;aten,</span> <span class='ocrx_word' id='word_1_269' title='bbox 740 3972 789 4035; x_wconf 88' lang='lat' dir='ltr'>die</span> <span class='ocrx_word' id='word_1_270' title='bbox 820 3993 882 4035; x_wconf 92' lang='lat' dir='ltr'>von</span> <span class='ocrx_word' id='word_1_271' title='bbox 905 3992 1014 4054; x_wconf 82' lang='lat' dir='ltr'>wegen</span> <span class='ocrx_word' id='word_1_272' title='bbox 1039 3970 1100 4032; x_wconf 90' lang='lat' dir='ltr'>irer</span> <span class='ocrx_word' id='word_1_273' title='bbox 1124 3989 1221 4052; x_wconf 84' lang='lat' dir='ltr'>onge-</span> 
     </span>
     <span class='ocr_line' id='line_1_36' title="bbox 67 4072 1223 4164; baseline -0.009 -19"><span class='ocrx_word' id='word_1_274' title='bbox 67 4076 235 4146; x_wconf 72' lang='lat' dir='ltr'>birrlicben</span> <span class='ocrx_word' id='word_1_275' title='bbox 260 4080 481 4164; x_wconf 80' lang='lat' dir='ltr'>bandlungen,</span> <span class='ocrx_word' id='word_1_276' title='bbox 512 4078 673 4142; x_wconf 86' lang='lat' dir='ltr'>verdienet</span> <span class='ocrx_word' id='word_1_277' title='bbox 696 4077 807 4141; x_wconf 70' lang='lat' dir='ltr'>hatten</span> <span class='ocrx_word' id='word_1_278' title='bbox 832 4074 968 4160; x_wconf 81' lang='lat' dir='ltr'>gastraft</span> <span class='ocrx_word' id='word_1_279' title='bbox 989 4077 1028 4138; x_wconf 82' lang='lat' dir='ltr'>ad</span> <span class='ocrx_word' id='word_1_280' title='bbox 1051 4074 1137 4151; x_wconf 89' lang='lat' dir='ltr'>sein,</span> <span class='ocrx_word' id='word_1_281' title='bbox 1173 4072 1223 4135; x_wconf 88' lang='lat' dir='ltr'>die</span> 
     </span>
     <span class='ocr_line' id='line_1_37' title="bbox 64 4177 1223 4271; baseline -0.01 -19"><span class='ocrx_word' id='word_1_282' title='bbox 64 4187 243 4271; x_wconf 86' lang='lat' dir='ltr'>besserung</span> <span class='ocrx_word' id='word_1_283' title='bbox 273 4186 339 4250; x_wconf 91' lang='lat' dir='ltr'>und</span> <span class='ocrx_word' id='word_1_284' title='bbox 369 4184 598 4267; x_wconf 82' lang='lat' dir='ltr'>Reformirung</span> <span class='ocrx_word' id='word_1_285' title='bbox 631 4182 784 4266; x_wconf 89' lang='lat' dir='ltr'>gemelter</span> <span class='ocrx_word' id='word_1_286' title='bbox 818 4181 895 4264; x_wconf 83' lang='lat' dir='ltr'>ding</span> <span class='ocrx_word' id='word_1_287' title='bbox 929 4178 1126 4264; x_wconf 80' lang='lat' dir='ltr'>heymgeben</span> <span class='ocrx_word' id='word_1_288' title='bbox 1158 4177 1223 4240; x_wconf 93' lang='lat' dir='ltr'>und</span> 
     </span>
    </p>
   </div>
   <div class='ocr_carea' id='block_1_3' title="bbox 144 4407 339 4477">
    <p class='ocr_par' dir='ltr' id='par_1_6' title="bbox 144 4407 339 4477">
     <span class='ocr_line' id='line_1_38' title="bbox 144 4407 339 4477; baseline -0.01 -13"><span class='ocrx_word' id='word_1_289' title='bbox 144 4412 156 4464; x_wconf 90' lang='lat' dir='ltr'>l</span> <span class='ocrx_word' id='word_1_290' title='bbox 177 4407 339 4477; x_wconf 76' lang='lat' dir='ltr'>erbarlseyt.</span> 
     </span>
    </p>
   </div>
   <div class='ocr_carea' id='block_1_4' title="bbox 974 4495 1017 4553">
    <p class='ocr_par' dir='ltr' id='par_1_7' title="bbox 974 4495 1017 4553">
     <span class='ocr_line' id='line_1_39' title="bbox 974 4495 1017 4553; baseline 0 -27"><span class='ocrx_word' id='word_1_291' title='bbox 974 4495 1017 4553; x_wconf 49' lang='lat' dir='ltr'>,r</span> 
     </span>
    </p>
   </div>
   <div class='ocr_carea' id='block_1_5' title="bbox 0 0 1444 5018">
    <p class='ocr_par' dir='ltr' id='par_1_8' title="bbox 0 0 1444 5018">
     <span class='ocr_line' id='line_1_40' title="bbox 0 0 1444 5018; baseline 0 0"><span class='ocrx_word' id='word_1_292' title='bbox 0 0 1444 5018; x_wconf 95' lang='lat' dir='ltr'> </span> 
     </span>
    </p>
   </div>
  </div>
 </body>
</html>
