2850 5018
771 319 832 381 182

224 491 283 555 hac
303 490 461 567 libertate,
484 490 624 553 rationes
646 489 773 557 inibant
787 489 979 574 subjugandi
994 489 1134 564 Oaesaris,
1158 511 1263 572 neque
1278 486 1368 552 veriti

224 598 300 658 sunt
322 595 450 659 taudem
472 596 632 678 postulare
650 594 872 677 jusjurandum
888 595 928 659 ab
943 616 990 672 eo,
1014 593 1107 677 quale
1120 593 1226 658 solent
1242 593 1370 661 clientes

223 703 374 783 praestare
396 700 460 763 suis
482 699 633 782 patronis.
679 699 749 763 Hoc
771 700 844 763 inde
866 699 1042 782 profectum
1065 701 1121 777 est,
1147 697 1302 781 quoniam
1324 697 1370 760 in·

223 805 432 887 auguratione
453 803 539 868 facta
561 803 787 867 consecrabant
809 803 954 867 Caesures.

225 909 287 985 Qui
310 909 436 992 magnis
458 909 574 971 animis
596 908 690 972 initio
713 908 903 971 resistebant
926 906 1000 970 huic
1020 906 1149 969 illorum
1179 905 1370 990 importuni·

223 1014 285 1078 tati
307 1017 340 1077 et
361 1014 505 1077 audaciae.
537 1011 621 1076 Nam
643 1017 674 1077 et
690 1013 783 1077 hodie
798 1035 890 1077 nemo
906 1015 962 1092 est,
986 1013 1041 1094 qui
1056 1032 1120 1075 uon
1135 1011 1370 1094 obstupesceret

223 1119 352 1183 adrem
383 1119 459 1182 adeo
489 1140 623 1194 novam,
656 1119 727 1203 cogi
759 1119 880 1182 scilicet
911 1116 1006 1181 fidem
1036 1120 1069 1180 et
1102 1115 1293 1198 obsequium
1326 1114 1371 1178 illi

223 1227 383 1306 praestare,
407 1223 462 1306 qui
485 1226 559 1286 tuus
575 1227 668 1287 antea
685 1223 797 1287 fuisset
811 1223 920 1298 cliens,
943 1221 1033 1304 cujus
1048 1220 1249 1304 dependisset
1261 1219 1371 1296 omnis,

224 1350 288 1391 non
311 1328 358 1392 ita
379 1327 511 1411 pridem,
533 1333 628 1393 1111
650 1329 814 1393 voluntate
836 1332 869 1392 et
891 1348 1020 1391 assensu
1042 1326 1224 1389 auctoritas.

313 1432 396 1509 Quid
419 1433 504 1496 enim
528 1432 611 1496 istud
635 1436 683 1496 est
704 1433 750 1496 rei
771 1453 871 1510 novae,
895 1433 939 1495 mi
964 1431 1106 1495 Romane
1127 1431 1294 1514 pontifex,
1319 1434 1370 1495 111

225 1538 300 1620 quid
334 1538 395 1601 sibi
427 1538 496 1601 vult
526 1537 578 1601 hic
611 1543 678 1601 tam
710 1538 873 1620 improbus
907 1540 1062 1602 conatus?
1116 1537 1237 1614 Quodsi
1272 1540 1370 1600 vestre

224 1664 320 1726 opera
342 1642 478 1706 contulit
501 1642 630 1725 aliquid,
654 1646 690 1706 ut
709 1643 761 1724 jus
784 1642 997 1706 constituendi
1013 1640 1144 1707 Caesaris
1166 1642 1208 1704 ad
1229 1644 1369 1704 nostram

227 1751 353 1832 gentem
379 1747 574 1833 perveniret,
598 1752 681 1811 certe
704 1751 736 1811 et
760 1749 860 1810 nostri
882 1747 1021 1812 vicissim
1043 1746 1177 1829 majores
1199 1745 1253 1810 his
1275 1745 1370 1809 tantis

228 1853 476 1936 possessionibus
489 1875 544 1916 vos
560 1853 803 1936 locupletarunt,
826 1853 923 1916 immo
938 1873 996 1916 nos
1012 1855 1106 1935 atque
1122 1852 1258 1934 maJ'ores
1275 1849 1371 1914 nostri

225 1958 364 2021 maxima
386 1978 468 2039 saepe
498 1958 638 2040 pericula
667 1959 880 2041 suscepimus,
915 1960 950 2020 11
979 1960 1085 2020 vestra
1114 1955 1204 2019 robis
1233 1956 1371 2040 dignitus

226 2065 393 2125 constaret.
427 2061 462 2126 Si
484 2065 551 2125 tam
573 2063 683 2127 essetis
706 2067 825 2139 tenues,
849 2083 944 2144 qnam
967 2061 1137 2144 aliquando
1158 2061 1279 2137 fuistis,
1302 2060 1371 2124 nul·

224 2166 290 2230 lum
313 2171 395 2230 esset
416 2167 501 2230 inter
525 2190 581 2232 nos
614 2173 718 2233 ortum
750 2168 832 2231 haud
864 2167 958 2231 dubie
991 2168 1165 2231 dissidium.
1211 2165 1267 2229 An
1289 2185 1370 2240 vero,

792 2289 809 2326 *

224 2373 283 2438 Eid
308 2376 536 2457 (juramentum
558 2378 805 2460 fideli[3l]tatis,
829 2379 903 2442 oder
923 2375 1093 2456 Leheneid)
1117 2375 1168 2438 die
1184 2373 1296 2439 Keiser
1318 2373 1371 2438 da·

124 2496 127 2501 '
224 2481 345 2543 1111111
368 2481 592 2564 verpflichten,
627 2482 760 2546 welches
783 2483 890 2545 scinen
914 2502 1076 2564 urspruug
1098 2479 1196 2543 daher
1216 2500 1373 2563 genomen

224 2586 290 2662 hat,
314 2586 368 2649 das
391 2587 437 2649 sic
459 2586 540 2650 nach
563 2587 633 2651 dem
656 2585 768 2651 Oarolo
788 2586 917 2671 Magno,
941 2586 992 2649 die
1009 2583 1117 2649 Keiser
1139 2583 1285 2648 salbeteu
1306 2582 1370 2647 und

224 2690 445 2755 consecrirten.

311 2795 380 2859 Den
397 2795 455 2859 Eid
471 2795 573 2859 haben
590 2796 640 2859 die
655 2795 766 2859 Keiser
789 2817 847 2880 gar
869 2795 1110 2879 ahgeschlagen,
1133 2794 1228 2857 Deun
1250 2815 1286 2857 es
1309 2814 1372 2856 war

221 2900 255 2981 ja
277 2900 390 2963 selsam
413 2905 451 2964 nli
475 2900 582 2976 hbren,
612 2923 685 2963 man
709 2902 813 2964 wdrds
835 2902 915 2963 auch
938 2900 1065 2984 heutigs
1086 2903 1159 2982 tags
1183 2898 1235 2961 nit
1258 2897 1370 2961 wdllen

224 3005 383 3080 verstehn,
406 3004 556 3081 ntmlich,
581 3005 635 3069 das
651 3005 702 3069 ich
718 3006 788 3068 dem
800 3005 929 3087 jhenen,
945 3005 1001 3067 der
1015 3003 1129 3068 vorhin
1144 3003 1210 3066 und
1225 3002 1371 3078 uewlich,

224 3108 325 3171 seincs
348 3109 464 3191 Ampts
486 3109 690 3193 bestetigung
713 3131 775 3172 von
797 3110 859 3171 mir
890 3094 1059 3191 eniplahen
1090 3111 1195 3183 must,
1233 3107 1297 3170 ietz
1327 3107 1373 3170 als

225 3213 361 3275 meinem
383 3212 592 3276 lehenherrcn
614 3213 786 3289 schweren,
810 3213 876 3275 und
898 3233 938 3275 on
959 3212 1021 3276 alle
1036 3210 1234 3295 vorgehende
1251 3210 1370 3286 ursech,

226 3316 285 3378 den
309 3317 357 3379 eid
381 3316 462 3380 thdn
486 3318 556 3379 solt.

225 3418 316 3482 Denn
339 3421 480 3483 warumb
503 3421 587 3482 mein
610 3420 706 3483 lieber
729 3419 803 3482 herr
826 3420 935 3502 Bapst,
960 3420 1037 3484 woh
1059 3420 1087 3483 ir
1109 3419 1175 3483 dise
1198 3439 1368 3502 newerung

224 3519 390 3587 cinflrren‘?
436 3523 524 3587 Habt
546 3525 575 3587 ir
597 3524 674 3587 dauri
704 3524 882 3607 geholffen,
918 3524 973 3586 das
1003 3525 1053 3587 dic
1076 3523 1160 3587 wahl
1183 3524 1251 3586 und
1273 3523 1370 3588 Ghur·

224 3629 465 3713 gerochtigkeit,
488 3652 528 3693 an
552 3651 664 3693 unsere
687 3629 805 3693 Nation
829 3630 943 3693 komen
967 3631 1019 3706 ist,
1042 3652 1076 3693 so
1099 3629 1203 3693 haben
1227 3631 1288 3692 wir
1312 3627 1369 3692 und

224 3754 337 3796 unsere
359 3733 515 3797 voreltern
540 3733 619 3797 euch
638 3735 810 3798 widerumb
834 3734 1002 3818 geholffen,
1027 3735 1082 3797 das
1105 3734 1133 3797 ir
1156 3733 1265 3797 solche
1280 3733 1370 3798 weid-

225 3836 307 3901 liche
330 3832 424 3921 gfiter
447 3838 597 3916 besitzet,
633 3840 687 3902 das
718 3840 747 3901 ir
776 3839 852 3902 land
881 3840 946 3902 und
970 3840 1036 3901 leut
1058 3842 1096 3902 111
1118 3837 1264 3921 regieren
1288 3836 1369 3913 habt,

225 3941 282 4018 Ja,
313 3943 370 4004 wir
392 3942 457 4004 und
479 3964 593 4005 unserc
615 3942 778 4018 vorlaren,
812 3943 916 4007 haben
939 3942 1016 4006 euch
1040 3943 1074 4006 in
1098 3964 1221 4006 eweren
1243 3963 1371 4026 grossen

225 4050 322 4109 nbten
345 4050 495 4122 errcttet,
522 4046 624 4110 haben
649 4048 815 4131 gemacht,
849 4049 904 4111 das
926 4048 956 4110 ir
977 4048 1030 4111 des
1052 4047 1143 4110 lands
1167 4069 1230 4110 von
1253 4067 1369 4112 eweren

224 4151 352 4213 feinden
374 4150 424 4212 nit
445 4150 568 4233 verjagt
590 4151 669 4214 sind.
701 4151 808 4214 chn
832 4145 1367 4224 111001111111Β11111ὃ11111111,

224 4253 284 4317 wie
306 4254 438 4328 vorhin,
473 4275 509 4317 so
537 4254 683 4318 wurdent
711 4257 739 4318 ir
770 4277 830 4318 uns
863 4256 1368 4321 11111101111111101111111111.

226 4351 352 4428 Mbseen
375 4357 433 4419 wir
455 4357 540 4425 danu
564 4356 617 4423 des
639 4359 820 4447 entgclten,
853 4360 908 4425 das
929 4380 1042 4427 unsere
1066 4360 1213 4427 vorfaren
1236 4361 1317 4427 euch
1337 4361 1370 4427 st
