2850 5018
682 358 741 420 168

133 532 216 616 quod
240 531 273 594 in
290 529 422 596 Austris
443 551 545 613 nuper
568 529 715 614 contigit.
750 530 821 606 Qua
836 528 963 612 quidem
986 529 1019 593 in
1042 529 1174 614 regione
1195 527 1283 593 valde

132 638 277 702 saevitum
299 640 347 701 est
368 636 519 700 hactenus
541 635 575 699 in
599 634 743 698 homines
767 633 924 718 evangelii
940 634 1079 717 cupidos,
1102 631 1283 697 auctoribus

133 742 284 806 nimirum
306 740 388 816 illis,
418 740 473 822 qui
496 740 660 804 veritatem
686 740 767 803 ferre
790 761 853 803 non
878 743 1020 823 possunt.
1064 738 1108 803 Et
1129 737 1192 802 hac
1212 741 1283 802 tan·

132 848 202 911 dem
225 845 396 931 asperitate
418 846 565 910 commoti
590 866 732 928 proceres
755 844 912 909 nobilium
934 848 966 909 et
990 844 1176 923 civitatum,
1212 865 1283 928 snp-

132 952 229 1035 plices
252 951 400 1016 obtestati
425 955 501 1014 sunt
523 951 699 1035 principem
723 972 832 1027 suum,
865 949 999 1014 fratrem
1029 952 1142 1028 tuum,
1173 948 1279 1025 cam,

133 1060 170 1119 ut
193 1078 212 1120 a
234 1055 397 1140 suppliciis
420 1056 648 1135 abstineretur,
684 1060 716 1120 et
738 1055 895 1140 evangelii
919 1055 1102 1140 praedicatio
1124 1055 1232 1119 locum
1252 1053 1284 1117 in

133 1161 271 1225 ecclesiis
295 1161 462 1226 obtineret.

135 1266 197 1343 Qui
219 1265 351 1330 summis
374 1271 407 1329 et
428 1266 490 1349 piis
514 1265 658 1349 precibus
680 1265 741 1330 hoc
763 1266 974 1345 obtestantur,
997 1270 1075 1331 sunt
1098 1287 1201 1350 neque
1225 1286 1285 1327 nu·

133 1393 220 1435 mero
244 1372 345 1456 pauci,
369 1393 426 1436 neo
448 1371 630 1436 condicione
645 1375 766 1448 tenues,
789 1375 826 1435 ut
841 1371 1002 1436 contemni
1018 1371 1155 1455 possint,
1179 1390 1286 1434 vorum

133 1477 233 1554 tales,
267 1477 322 1560 qui
352 1475 452 1540 modis
481 1475 628 1540 omnibus
658 1477 791 1561 cupiunt
813 1476 990 1562 gratificari
1013 1481 1045 1541 et
1068 1477 1286 1559 obtemperare

134 1602 201 1658 suo,
218 1603 311 1665 quem
328 1581 481 1645 divinitus
497 1591 693 1665 occeperunt,
717 1581 864 1665 principi.
896 1580 929 1646 Si
945 1603 1018 1646 vero
1032 1602 1096 1645 non
1114 1579 1286 1664 impetrent

135 1688 315 1771 aliquando,
339 1689 423 1771 quod
445 1692 537 1755 tanto
560 1688 665 1752 studio
688 1691 803 1772 petunt
825 1692 857 1752 et
879 1690 1013 1772 optant,
1037 1708 1137 1770 eaque
1159 1684 1285 1750 tandem

135 1793 298 1857 occasione
321 1793 456 1857 fortasse
477 1799 582 1858 motus
606 1797 638 1859 et
659 1794 762 1859 turbae
786 1798 964 1873 nascantur,
989 1792 1104 1876 quibus
1123 1792 1282 1876 imputan-

136 1897 211 1961 dum
234 1897 276 1961 sit
298 1897 376 1962 illud
400 1899 620 1981 potiusquam
644 1898 702 1975 iis,
736 1898 791 1981 qui
821 1897 999 1981 principem
1029 1896 1221 1972 hortantur,
1250 1916 1286 1958 ne

137 2002 212 2084 quid
236 2003 274 2066 de
297 2004 464 2067 severitate
486 2004 631 2068 remittat
653 2006 685 2067 et
700 2007 737 2066 ut
752 2006 936 2067 constanter
950 2004 1088 2087 pergat?
1121 2000 1166 2065 Hi
1183 2005 1286 2066 tamen

135 2106 197 2191 ipsi
219 2108 412 2173 consultores
435 2108 581 2192 pessimi,
609 2109 702 2185 cedo,
727 2108 856 2191 quinam
881 2109 980 2172 sunt?
1025 2105 1174 2172 Profecto
1197 2105 1287 2191 pauci

702 2230 720 2269 a

136 2315 195 2379 wir
223 2316 294 2380 eine
323 2317 406 2382 ctare
433 2318 573 2383 hiibsche
599 2319 778 2404 anzeigung
801 2319 884 2384 diser
906 2319 968 2383 neit
990 2318 1094 2384 haben
1121 2318 1155 2382 in
1179 2316 1288 2382 Romi-

136 2421 226 2485 scher
248 2421 307 2486 Κὸ.
330 2422 373 2486 Μ.
398 2421 589 2503 Erblanden,
612 2424 646 2487 in
670 2423 807 2488 walchen
832 2445 941 2509 grosse
963 2423 1055 2488 harte
1077 2423 1286 2508 straffungen,

137 2526 238 2611 gegen
262 2527 327 2603 die,
351 2549 386 2591 so
408 2529 542 2612 gemelte
565 2529 630 2593 lere
652 2550 849 2614 angenomen
875 2529 995 2607 haben,
1019 2549 1183 2613 ergangen
1207 2527 1287 2605 sind,

137 2631 202 2695 und
225 2632 273 2696 dis
295 2631 371 2696 alles
393 2631 492 2698 durch
517 2634 672 2719 eingeben
694 2635 760 2698 und
783 2634 971 2699 orenblasen
995 2634 1136 2712 etlicher,
1162 2632 1224 2697 den
1241 2632 1289 2695 die

136 2736 271 2801 warhcit
293 2736 466 2802 uuleidlich
488 2737 550 2815 ist,
581 2738 642 2802 wic
673 2733 804 2822 kundig.
851 2737 925 2802 Uno
957 2738 1001 2802 ist
1030 2737 1159 2802 eudlich
1192 2734 1287 2802 dahin

136 2841 261 2918 komen,
285 2841 340 2906 das
363 2843 413 2907 die
437 2841 539 2906 stand
560 2843 714 2927 gemelter
736 2843 888 2921 Erblaud,
912 2843 983 2907 eine
1005 2842 1144 2926 dapffere
1164 2840 1288 2907 Christ·

137 2945 219 3011 liehe
242 2945 470 3031 Supplication,
494 2971 534 3012 an
554 2947 612 3013 Ro.
631 2947 673 3011 Μ.
697 2948 818 3034 gethou
839 2948 953 3026 haben,
977 2948 1059 3013 dises
1081 2948 1214 3027 inhalts,
1238 2947 1287 3012 die

137 3051 245 3115 rechte
267 3051 331 3116 lere
354 3075 567 3130 anzunemen,
603 3056 668 3118 und
699 3055 750 3118 dic
781 3053 1012 3138 verfolgungen
1045 3053 1098 3118 des
1121 3050 1290 3118 Gotlichen

138 3161 234 3222 worts
257 3158 459 3223 abzustellen.
481 3156 486 3246 Ι

227 3263 299 3346 [22]
316 3261 376 3326 Die
397 3285 442 3327 nu
457 3264 505 3327 dis
521 3285 560 3327 an
575 3261 634 3328 Ko.
648 3262 691 3326 Μ.
708 3262 854 3348 begeren,
880 3262 952 3325 sind
963 3264 999 3346 ja
1013 3262 1063 3327 nit
1086 3261 1120 3326 in
1142 3262 1291 3348 geringcr

139 3368 245 3443 annal,
268 3366 341 3430 sind
364 3367 443 3430 auch
466 3367 571 3432 solche
592 3388 765 3450 personen,
790 3366 839 3430 die
862 3365 965 3430 seiner
988 3365 1031 3430 M.
1055 3366 1117 3429 mit
1138 3365 1204 3432 leib
1226 3365 1290 3430 und

139 3473 199 3555 gut
221 3474 259 3534 zu
283 3471 405 3549 dienen,
429 3472 548 3558 willig,
572 3472 753 3558 geschicket
776 3472 840 3535 und
864 3470 1010 3556 schuldig
1032 3471 1114 3535 sind.
1161 3469 1225 3534 Wo
1247 3470 1291 3533 sie

140 3597 183 3638 nu
206 3575 289 3638 diser
311 3577 375 3641 irer
397 3577 530 3661 begeren
555 3577 784 3642 auruckstehen
806 3571 950 3653 moiun,
982 3576 1047 3640 und
1077 3575 1133 3639 das
1156 3568 1291 3639 dariber

139 3679 378 3766 vervolgungen
401 3681 588 3766 geschehen,
615 3683 672 3745 wie
694 3681 811 3772 bisher,
834 3681 900 3745 und
922 3680 1095 3745 derhalben
1111 3680 1163 3744 ein
1180 3679 1291 3745 unwill

140 3786 234 3850 deren
258 3785 357 3851 sano
381 3787 445 3851 und
469 3788 522 3852 des
537 3786 654 3863 voloks,
679 3808 781 3872 gegen
805 3786 872 3850 iren
897 3786 1010 3850 herren
1033 3780 1189 3864 erwiohs,
1212 3805 1290 3849 wem

139 3890 195 3954 het
217 3913 291 3954 man
315 3891 424 3955 dassen
449 3890 558 3955 schutd
582 3894 620 3954 nt
643 3890 754 3975 geben,
778 3891 902 3968 andere,
926 3890 1010 3954 daun
1032 3890 1220 3974 denjhenen,
1244 3889 1293 3954 die

142 3994 200 4061 Κὸ.
218 3995 261 4060 Μ.
278 3995 400 4070 rathen,
423 3997 510 4060 steiff
522 4001 559 4062 att
576 3995 694 4074 hulten,
718 3996 782 4058 und
799 3995 890 4060 uichs
905 3994 1153 4061 nachztlasseu?
1176 3995 1294 4061 welche

142 4102 222 4166 doch
245 4101 278 4164 iu
301 4101 450 4186 geringer
472 4101 562 4165 annal
586 4101 666 4179 sind,
690 4102 756 4167 und
779 4102 845 4165 dise
867 4101 932 4164 lere
954 4100 1005 4164 nit
1027 4105 1143 4186 mogon
1167 4101 1293 4177 dulden,

142 4207 239 4271 vorab
262 4205 354 4269 dweil
376 4207 421 4269 sie
444 4205 537 4268 alzeit
559 4205 623 4268 und
648 4228 708 4269 von
733 4205 853 4290 anfang
876 4204 1014 4269 dawider
1034 4205 1188 4289 gestrebt,
1214 4203 1298 4269 auctr

143 4312 196 4376 des
220 4312 398 4394 vilfeltigen
421 4310 579 4374 brennens
603 4310 816 4374 enthaubteus
839 4311 904 4374 und
921 4309 1130 4374 ardrenckens
1146 4297 1310 4374 ursacher⁰

142 4415 222 4479 sind.
269 4414 320 4480 Sie
341 4415 461 4478 habens
485 4411 687 4495 thermacht,
720 4416 786 4480 und
809 4415 893 4480 allen
924 4416 1103 4481 mttwillen
1136 4414 1291 4501 getriben‚
