2850 5018
695 327 757 388 113

137 496 282 575 fecistis,
317 497 488 564 admodum
517 497 607 562 eritis
629 498 765 563 ridiculi.
813 497 887 564 Non
915 502 983 584 jam
1005 502 1225 586 permittitur,
1261 508 1298 566 ut

134 602 304 687 judicandi
330 606 517 688 potestatem
541 604 630 668 vohis
653 606 819 690 arrogetis,
843 628 951 670 verum
974 610 1162 691 torquentur
1185 610 1218 673 in
1241 630 1297 672 vos

137 708 334 794 gravissima
356 711 421 774 tela
443 710 712 775 criminationum.
744 709 898 786 Quocirca
914 713 1002 776 vobis
1022 714 1226 798 cogitandum
1250 717 1298 778 est

137 813 324 900 diligenter,
349 818 596 898 quanto-vestro
619 816 810 881 detrimento
832 820 864 881 et
887 818 1064 903 ignominia
1086 819 1231 883 futurum
1254 819 1298 882 sit

136 919 237 1000 illud,
271 920 300 984 si
324 943 379 985 vos
402 921 436 984 in
458 921 586 1004 publico
609 921 735 985 theatro
758 922 858 986 totius
881 923 966 986 orbis
990 921 1235 1009 con[I]tingeret
1258 924 1297 987 ad

140 1047 214 1089 eum
238 1025 371 1090 modum
393 1026 535 1108 superari
558 1031 590 1091 et
613 1027 825 1092 consilescere.
871 1027 955 1092 Nam
986 1033 1023 1092 ut
1054 1030 1162 1093 omnia
1194 1031 1298 1094 vestra

140 1129 324 1215 privilegia,
348 1133 380 1195 et
403 1130 551 1214 quicquid
575 1132 706 1196 omnino
729 1132 818 1196 vobis
842 1133 912 1197 usui
936 1155 1003 1197 esee
1026 1137 1146 1218 potest,
1174 1155 1297 1198 coacer-

141 1234 225 1300 vetis
247 1235 284 1298 in
309 1257 419 1312 unum,
444 1239 475 1298 et
497 1234 530 1298 in
547 1236 714 1300 concilium
731 1236 891 1315 adferatis,
915 1242 952 1302 ut
966 1260 1074 1302 omnes
1090 1238 1298 1321 undecunque

139 1338 310 1424 theologos
333 1342 366 1403 et
388 1341 568 1423 pontificios
595 1341 838 1423 jurisconsultos
859 1343 1087 1420 acutissimos,
1121 1346 1297 1407 vestrarum
1374 1413 1380 1424 .

141 1444 287 1529 partium
311 1445 501 1524 defensores
524 1446 687 1510 adducatis
710 1469 756 1525 eo,
780 1451 887 1511 tamen
903 1448 971 1512 fieri
987 1470 1050 1511 non
1068 1447 1195 1530 poterit,
1219 1447 1297 1530 quin

141 1553 173 1614 et
194 1553 336 1635 tempus,
361 1549 445 1633 quod
467 1551 574 1615 omnia
597 1551 726 1637 detegit,
750 1556 782 1616 et
805 1554 980 1616 communis
997 1552 1161 1618 hominum
1178 1573 1296 1630 sensus,

143 1660 174 1720 et
209 1656 316 1741 pudor
349 1656 416 1740 ipse
443 1658 546 1721 multa
578 1658 665 1722 vobis
695 1662 925 1741 extorqueant,
961 1680 1030 1743 quae
1058 1657 1186 1722 fatenda
1210 1657 1297 1722 vobis

141 1765 238 1825 erunt
270 1764 302 1825 et
332 1761 547 1841 concedenda,
581 1762 683 1826 multa
713 1763 865 1846 inquam,
900 1786 969 1847 quae
1002 1763 1207 1848 pertinaciter
1239 1784 1298 1845 op-

142 1867 315 1952 pugnastis
350 1866 503 1945 antehac,
538 1871 570 1931 et
600 1871 731 1951 propter
763 1889 833 1950 quae
863 1869 1017 1952 plurimos
1052 1868 1229 1951 conjecistis
1263 1867 1296 1929 in

145 1972 366 2036 acerbissimas
390 1973 585 2036 calamitates
607 1977 639 2036 et
661 1972 813 2063 miserias.
859 1971 989 2037 Publice
1011 1973 1088 2036 fient
1110 1973 1181 2051 ista,
1209 1992 1297 2055 speo-

145 2077 291 2142 tantibus
315 2081 348 2141 et
370 2078 572 2142 audientibus
594 2077 740 2142 omnibus
755 2078 897 2141 omnium
911 2078 1143 2161 provinciarum
1161 2077 1297 2161 populis.

713 2201 731 2242 e

231 2287 344 2353 Ewere
374 2289 494 2376 gelerte
525 2292 590 2355 und
620 2290 815 2368 vorfeohter,
848 2312 956 2353 wenns
978 2292 1016 2353 ad
1039 2288 1152 2353 verh'or
1174 2288 1296 2371 kompt,

145 2393 262 2478 gehent
284 2394 353 2459 also
376 2395 505 2480 onartig
528 2396 588 2459 mit
610 2396 665 2459 der
687 2395 803 2460 sachen
820 2394 906 2471 umb,
930 2393 985 2457 das
1001 2393 1080 2457 auch
1097 2394 1142 2458 ire
1158 2392 1296 2478 gesellen

145 2499 306 2564 schamrot
328 2494 462 2564 dardber
485 2501 619 2579 werden,
648 2502 712 2565 und
735 2490 842 2564 finden
865 2521 963 2563 ewere
986 2498 1215 2584 widerwertige
1237 2497 1298 2560 mit

146 2604 221 2670 aller
243 2605 437 2690 gegenwehr
466 2605 645 2670 dermassen
677 2607 840 2690 geriistet,
876 2604 930 2667 das
961 2604 1007 2672 eie
1037 2604 1089 2668 ein
1121 2608 1298 2668 entsetzens

146 2710 241 2775 darab
275 2710 390 2774 haben.
444 2709 517 2774 Wie
547 2711 704 2774 vermeint
738 2711 789 2774 ihr
822 2710 907 2773 dann
941 2710 1008 2773 auff
1034 2710 1137 2774 ciuem
1169 2709 1296 2773 solchen

146 2836 274 2900 grossen
292 2813 434 2879 Concilio
456 2819 495 2880 ad
518 2815 691 2880 bestehen?
723 2814 829 2879 Wenn
852 2815 881 2878 ir
903 2815 977 2879 kein
999 2821 1124 2900 grdsser
1146 2815 1297 2878 mireckel

146 2920 234 3000 thur,
258 2919 325 2984 und
347 2919 421 2983 hein
444 2921 559 2985 andere
582 2923 676 2986 reden
699 2915 808 2986 herfdr
831 2920 966 3005 bringen
990 2921 1130 2998 wlillent,
1158 2920 1243 2984 dann
1267 2920 1295 2983 ir

147 3027 225 3091 noch
247 3025 362 3091 billher
385 3026 505 3112 gethon
528 3028 663 3105 habent,
686 3027 796 3091 wirdts
819 3024 968 3090 freilich¹
992 3025 1122 3089 seltzam
1145 3023 1295 3109 adgehen.

147 3129 219 3196 Man
243 3134 398 3217 gestattet
421 3133 499 3196 euch
515 3133 565 3197 nit
580 3133 669 3196 mehr
685 3131 816 3197 Richter
832 3135 870 3196 nd
886 3132 963 3209 sein,
988 3130 1038 3193 die
1060 3130 1125 3193 neit·
1144 3129 1187 3192 ist
1210 3128 1296 3204 umb,

148 3237 258 3300 sunder
282 3258 358 3300 man
380 3236 512 3321 behlagt
534 3237 613 3301 euch
636 3241 707 3302 adm
739 3236 910 3313 hiichsten,
940 3235 1006 3299 und
1028 3234 1109 3298 wille
1133 3234 1296 3297 beweisen.

147 3340 273 3408 Habent
296 3343 450 3407 demnaoh
473 3347 510 3408 ad
534 3343 705 3420 eraohten,
740 3343 799 3406 wie
828 3364 860 3404 99
891 3341 969 3405 euch
991 3342 1029 3403 zd
1051 3339 1173 3423 ewigen
1196 3337 1297 3401 zeiten

148 3467 277 3530 grossen
300 3445 441 3511 nachteil
464 3468 601 3531 geperen
624 3447 734 3524 wirdt,
758 3447 815 3509 inn
839 3445 961 3510 solcher
985 3445 1143 3530 gemeiner
1167 3466 1297 3530 grossen

149 3551 370 3638 versamlung,
403 3553 552 3617 dffenlich
582 3553 634 3617 ein
657 3553 763 3617 solche
785 3552 905 3616 schaud
928 3550 1132 3634 einzdlegen,
1169 3547 1297 3628 'Deam

149 3656 182 3720 ob
207 3658 237 3721 ir
260 3657 368 3742 gleich
384 3657 445 3721 alle
462 3658 608 3741 Register
631 3663 737 3743 sumpt
759 3680 862 3722 ewren
886 3657 1074 3742 privilegien
1099 3656 1197 3739 (991911
1222 3679 1296 3734 war,

151 3762 218 3827 oder
242 3784 306 3826 von
330 3762 408 3826 euch
431 3764 514 3827 selhs
546 3764 683 3849 erdicht)
716 3763 847 3827 brieffen
880 3763 944 3826 und
977 3762 1098 3846 sigeln,
1135 3760 1215 3824 auch
1249 3761 1299 3826 die

151 3865 221 3931 aller
245 3866 512 3952 durchsichtigste
534 3868 727 3932 Oanonisten
751 3868 815 3931 und
833 3867 1025 3951 Theologen,
1050 3867 1099 3930 die
1121 3864 1204 3930 noch
1228 3888 1297 3930 ver-

153 3968 264 4057 borgen
290 3971 436 4050 stechen,
468 3972 528 4035 mit
550 3972 627 4036 euch
651 3972 780 4058 bringt,
811 3994 845 4036 so
867 3973 977 4036 wirdts
1000 3971 1079 4036 doch
1102 3994 1136 4035 so
1158 3972 1300 4036 schlecht

154 4078 196 4141 uit
217 4077 370 4162 adgehen,
393 4077 423 4140 ir
444 4078 544 4141 werdt
567 4077 681 4142 etliche
705 4079 782 4162 ding
804 4078 869 4142 und
892 4077 1045 4155 Artickel,
1070 4078 1119 4142 die
1142 4101 1208 4141 nun
1231 4077 1297 4140 clar

156 4201 198 4245 am
228 4187 306 4268 tag,
340 4182 406 4246 und
439 4181 832 4265 onwider[73]sprdchlich
862 4182 954 4260 sind,
990 4181 1149 4246 schenden
1182 4181 1299 4246 halben

218 4410 231 4463 1
251 4407 376 4462 warlich.
450 4410 466 4462 2
485 4408 557 4464 fehlt
575 4409 591 4462 2
612 4407 655 4463 bis
673 4411 698 4477 †.

199 4509 321 4554 bleldanns
1073 4494 1090 4548 8
