2850 5018
607 318 669 382 129

50 493 140 574 haud
164 492 260 558 dubie
281 491 384 557 multa
406 513 460 557 vos
484 491 608 568 docuit3
633 491 720 555 scitis
744 491 817 576 ipsi,
842 513 911 575 quae
933 492 1031 559 fuerit
1054 494 1114 558 sub
1133 516 1213 579 pon-

51 599 181 664 tificatu
202 599 279 662 1111.
325 596 407 663 Sunt
428 598 643 682 amplissimae,
667 619 745 681 quas
768 597 895 675 tenetis,
919 618 1004 681 opes,
1028 600 1120 663 etad
1144 621 1213 665 om·

53 726 129 768 nem
152 704 265 766 luxum
289 702 376 766 vobis
398 702 572 767 sufficiunt.
620 701 869 766 Moderationem
899 724 948 766 res
974 704 1041 787 ipsa
1063 705 1212 787 postulat.

55 807 87 875 si
110 812 146 873 et
168 808 287 872 scholis
309 812 341 871 et
364 808 566 872 ecclesiarum
588 807 744 871 ministris
768 811 800 870 et
819 807 891 871 aliis
906 809 1089 874 necessariis
1105 809 1215 873 usibus

55 915 221 980 decidatur
244 935 281 977 ex
305 913 344 976 iis
367 912 444 996 ipsis
466 911 688 989 facultatibus,
722 911 855 976 arbitrio
887 912 1042 978 bonorum
1064 915 1214 993 virorum,

56 1042 123 1085 non
142 1019 272 1084 habetis
295 1040 402 1084 veram
425 1018 630 1101 querimoniae
659 1038 801 1096 eausam,
837 1019 914 1081 satis
947 1039 1102 1103 superque
1126 1019 1215 1084 vobis

58 1125 128 1202 erit,
152 1128 187 1188 et
209 1124 344 1187 fortasse
366 1125 557 1208 plusquam
580 1124 733 1207 expediat.
781 1122 844 1186 Cur
866 1122 948 1188 hanc
970 1124 1127 1189 rationem
1149 1146 1213 1190 non

57 1231 149 1295 initis
172 1230 312 1313 pariter,
342 1234 374 1293 et
397 1229 496 1294 amice
519 1229 724 1314 transigitis?
770 1228 839 1293 Hoc
861 1230 988 1293 tandem
1012 1229 1144 1293 omnino
1167 1229 1215 1294 fa-

57 1335 206 1400 ciendum
229 1337 286 1412 est,
310 1335 338 1398 si
362 1336 499 1418 patriam
523 1334 620 1399 vultis
643 1335 844 1398 incolumem.
881 1334 1038 1410 Quoniam
1061 1356 1114 1398 vos
1138 1334 1213 1399 doc·

58 1440 180 1504 trinam
213 1438 373 1505 infestatis
397 1438 526 1517 utilem,
560 1438 730 1504 salutarem
754 1442 787 1502 11
809 1438 878 1503 orbi
901 1439 1129 1515 necessariam,
1166 1437 1216 1503 illi

58 1547 177 1628 putant
200 1543 288 1609 vobis
312 1543 481 1609 auferenda
503 1565 579 1621 esse,
605 1565 674 1626 quae
698 1547 830 1620 nocent,
860 1565 958 1609 arma.
1004 1542 1089 1608 Hinc
1111 1544 1216 1607 omnis

59 1649 142 1714 inter
168 1671 223 1714 vos
247 1648 445 1734 digladiatio,
469 1671 539 1733 quae
562 1670 655 1732 quem
679 1649 722 1713 sit
743 1647 893 1712 habitura
924 1648 1037 1727 finem,
1068 1649 1216 1733 respicite

59 1756 209 1834 tandem,
242 1758 275 1820 et
298 1756 410 1841 patriae
432 1776 486 1818 vos
510 1754 674 1818 calamitas
698 1766 888 1837 permoveat.
935 1752 1042 1819 Genus
1074 1755 1149 1819 estis
1180 1775 1217 1819 ac

60 1860 187 1925 suboles
210 1860 386 1946 priscorum
409 1859 660 1937 Germanorum,
696 1881 773 1943 qnos
806 1864 920 1923 exterae
951 1880 1076 1944 quoqne
1105 1863 1216 1944 gentes

61 1963 113 2050 [h]
137 1966 313 2031 laudarunt
335 1987 458 2050 semper
480 1966 520 2030 ab
543 1965 645 2031 animi
667 1965 779 2029 robore
800 1968 833 2028 et
847 1964 1041 2047 integritate.
1074 1965 1218 2033 Plurima

62 2077 135 2137 sunt
158 2072 265 2137 moliti
287 2076 399 2136 contra
422 2094 489 2151 nos,
513 2071 585 2136 odio
608 2069 780 2144 doctrinae,
814 2068 1000 2153 pontifices,
1035 2091 1054 2132 a
1080 2091 1216 2154 quorum

62 2175 257 2242 iecinoribus
279 2179 402 2242 utinam
425 2176 534 2242 essetis
558 2199 666 2242 omnes
689 2175 812 2240 remoti.
845 2173 944 2241 Decet
962 2175 1021 2240 hoc
1044 2177 1216 2241 masculam

63 2281 294 2350 Germanorum
317 2285 485 2363 virtutem,
517 2305 615 2367 eoque
642 2283 745 2367 magis
768 2281 938 2346 absterreri
961 2303 1015 2346 vos
1039 2282 1216 2366 oportebat,

63 2412 122 2474 quo
138 2391 258 2457 clarius
273 2391 336 2474 ipsi
351 2390 474 2468 videtis,
493 2388 576 2453 nihil
593 2391 745 2453 hactenus
761 2386 916 2471 profuisse
932 2389 1060 2451 cunctas
1076 2386 1217 2469 ipsorum

63 2495 202 2562 technas.
244 2495 426 2560 ludaeorum
451 2495 525 2559 olim
550 2495 727 2558 sacerdotes
751 2514 787 2556 ac
810 2491 968 2576 principes
990 2490 1075 2555 inter
1097 2513 1130 2555 se
1152 2491 1216 2555 dis·
1256 2539 1260 2546 .

63 2601 217 2679 sidentes,
254 2600 334 2665 alter
363 2600 493 2665 alterius
525 2600 614 2682 odio,
650 2598 901 2663 crudelissimum
924 2601 1116 2681 tyrannum,
1146 2595 1217 2661 An·

63 2705 205 2771 tiochum
228 2705 445 2789 Epiphanem,
481 2704 681 2783 invitabant,
716 2708 748 2768 et
770 2703 928 2787 adjutores
951 2701 980 2766 ei
1001 2703 1150 2781 fuerunt,
1182 2706 1219 2766 ut

62 2811 183 2877 idolum
206 2811 240 2875 in
264 2812 383 2896 templo
407 2812 617 2888 collocarent,
641 2814 673 2874 et
696 2810 809 2894 ingens
832 2808 922 2872 fieret
946 2830 1001 2891 per
1025 2808 1136 2872 urbem
1158 2807 1217 2872 ho·

62 2918 183 2983 minum
209 2921 351 3001 strages:
385 2920 513 2981 tantum
536 2920 642 3000 potest
665 2914 811 2980 uindictae
834 2913 1008 2996 cupiditas,
1043 2918 1076 2977 et
1099 2913 1216 2979 odium.

62 3021 128 3089 Hoc
153 3021 360 3087 simulacrum
384 3023 502 3086 intueri
526 3044 582 3086 nos
606 3025 740 3104 oportet.
786 3018 905 3082 Noster
931 3017 1017 3081 enim
1039 3015 1218 3083 Antiochus

62 3126 227 3194 Romanus
250 3129 403 3212 quamdiu
419 3129 457 3192 de
472 3132 577 3193 vestra
593 3127 654 3191 fide
670 3124 952 3206 benevolentiaque
968 3144 1032 3186 non
1048 3123 1217 3201 dubitabit,

62 3239 169 3318 sperat
192 3255 228 3299 eo
252 3256 317 3298 rem
341 3234 450 3298 deduci
473 3254 574 3318 posse.

148 3337 306 3405 Patefecit
329 3337 436 3402 omnia
458 3341 594 3423 tempus,
619 3340 650 3399 et
673 3357 758 3399 nunc
781 3336 893 3398 extant
908 3334 940 3397 in
957 3332 1084 3416 publica
1099 3334 1167 3398 luce
1183 3354 1219 3398 ac

62 3444 303 3528 conspiciuntur
314 3445 353 3507 ab
362 3443 509 3508 omnibus
521 3447 604 3508 tetra
616 3441 758 3524 quaedam
767 3445 861 3523 atque
872 3439 998 3503 funesta
1010 3439 1218 3522 quorundam,

63 3550 116 3633 qui
132 3547 235 3613 vestri
248 3551 502 3632 propugnatores
518 3546 617 3612 videri
633 3547 755 3622 volunt,
772 3544 913 3622 consilia,
928 3566 997 3629 quae
1009 3567 1072 3609 non
1085 3549 1219 3627 possunt

63 3653 99 3717 ab
124 3653 203 3730 ullo,
227 3652 290 3716 nisi
314 3652 369 3736 qui
392 3652 504 3736 patriae
528 3651 632 3715 videre
654 3650 761 3734 cupiat
776 3649 968 3727 incendium,
991 3649 1124 3727 landari,
1149 3671 1218 3732 quaa

64 3757 124 3821 nisi
140 3755 293 3821 beneficio
309 3755 368 3820 Dei
391 3757 514 3819 detecta
529 3754 664 3819 fuissent
679 3758 712 3817 et
727 3775 812 3818 nunc
827 3753 923 3817 etiarn
940 3755 1038 3818 oculis
1054 3754 1220 3819 hominum

64 3861 218 3945 exposita,
231 3882 345 3945 quaeso,
358 3858 454 3943 qua'm
466 3881 589 3925 eramus
601 3858 744 3923 habituri
757 3855 938 3942 reipirblieae
951 3859 1111 3924 formam?
1135 3858 1219 3925 Satis

65 3965 203 4048 adeoque
227 3965 363 4030 nimium
386 3965 538 4029 hactenus
562 3966 671 4029 datum
694 3967 742 4027 est
765 3962 845 4026 odiis
868 3969 898 4027 et
922 3964 1147 4028 amarulentiae.
1186 3964 1220 4029 Si

66 4070 140 4153 quid
163 4070 290 4136 accedat
320 4075 490 4155 praeterea,
526 4091 590 4145 non
622 4074 727 4153 potest
750 4069 829 4132 illud
852 4090 916 4133 non
939 4090 1006 4134 esse
1029 4070 1220 4135 calamitatis

67 4179 96 4240 et
119 4176 210 4240 exitii
234 4176 375 4261 plenum.
422 4175 464 4240 Et
497 4176 563 4240 haec
595 4176 723 4260 quidem
754 4175 792 4238 ad
822 4196 876 4239 vos
898 4174 1026 4257 proprie
1048 4174 1220 4259 pertinent,

68 4281 120 4365 qui
142 4303 260 4347 nomen
283 4305 320 4348 ac
343 4283 474 4349 titulum
498 4282 635 4347 ecclesiae
657 4281 745 4346 vobis
775 4278 1040 4364 usurpatis,'qui
1069 4279 1220 4362 quoniam

117 4400 243 4444 Slaldanus
996 4383 1012 4438 9
