2850 5018
772 357 832 418 151

104 535 107 539 ’
216 524 293 606 jam·
308 532 391 592 esset
422 528 617 610 amplificata
648 549 761 602 eausa,
797 533 986 591 conventum
1021 529 1167 594 indixisti
1196 531 1371 614 publicum.

218 633 256 696 In
281 654 360 716 quo,
393 633 467 697 licet
491 635 530 697 ad
553 633 618 697 vim
642 637 822 716 spectarent
844 633 892 696 illi
916 635 998 717 ipsi,
1033 634 1087 718 qui
1113 637 1144 697 te
1167 633 1282 700 Galliae
1304 638 1371 722 regi

218 760 319 821 nuper
342 739 547 821 conjunctum
570 736 651 800 nihil
676 760 738 801 non
762 757 852 820 posse
876 738 1025 825 perficere
1053 739 1228 821 putabant,
1263 746 1300 805 tu
1322 747 1370 806 ta·

216 864 287 905 nien
313 843 468 926 singulari
492 865 567 907 usus
589 843 789 907 humanitate
811 843 1052 927 prudentiaque,
1077 866 1142 909 rem
1162 848 1369 927 permittebas

215 948 249 1011 in
273 947 336 1012 alio
359 947 487 1011 comitio
519 947 753 1029 disceptandam
786 948 870 1010 inter
899 949 1065 1032 utriusque
1094 951 1196 1033 partis
1226 951 1367 1017 homines

218 1052 335 1116 (100100.
382 1051 461 1127 Qui,
496 1073 668 1135 pancorum
692 1052 811 1115 dierum
835 1051 1100 1117 collocutionibus
1122 1053 1263 1134 habitis,
1299 1060 1368 1134 tan·

216 1181 312 1241 quarn
338 1157 497 1239 praeludiis
520 1156 708 1239 quibusdam
740 1161 771 1220 et
796 1157 1049 1235 velitationibus,
1080 1157 1290 1224 Ratisbonam
1314 1161 1369 1224 abs

214 1267 247 1327 te
269 1262 315 1346 [N
324 1263 362 1345 ij]
387 1266 463 1326 sunt
485 1263 614 1326 evocati.
662 1263 732 1338 (100
755 1284 827 1327 cum
849 1267 881 1327 et
904 1262 960 1327 alii
983 1263 1143 1347 principes
1166 1286 1285 1351 magno
1308 1287 1370 1328 nu·

217 1388 303 1431 mero
325 1368 496 1445 venissent,
519 1372 564 1446 tu,
588 1388 695 1430 veram
718 1372 814 1450 atque
830 1367 1007 1451 legitimam
1023 1369 1180 1433 rationem
1198 1370 1369 1455 ingressus,

216 1472 303 1537 aliud
326 1472 516 1536 instituebas
539 1471 675 1554 amplius
698 1471 910 1555 colloquium,
944 1472 978 1536 in
1010 1495 1074 1556 quo
1096 1475 1175 1558 quid
1197 1481 1305 1540 actum
1328 1476 1371 1539 sit

215 1582 248 1643 et
271 1576 544 1660 quamadmodum,
569 1575 651 1639 nihil
674 1576 791 1640 attinet
813 1581 963 1660 repetere.

302 1681 645 1756 decacuminare,
683 1682 758 1763 quid
789 1681 875 1745 aliud
895 1681 1030 1765 judicari
1053 1684 1166 1762 debet,
1201 1707 1298 1769 quam
1321 1708 1369 1750 re·

214 1787 366 1872 pressisse
375 1786 478 1851 Deum
494 1791 525 1852 et
541 1787 718 1853 cohibuisse
733 1787 866 1852 consilia
886 1793 952 1866 tua,
975 1791 1029 1854 sed
1052 1794 1084 1855 et
1107 1791 1153 1855 ita
1175 1792 1370 1877 gubernasse

787 1908 805 1948 a

215 1997 361 2063 combien
384 2000 467 2061 ceste
489 2017 579 2060 cause
602 1997 698 2061 estoit
721 1998 895 2080 amplifice,
932 2003 966 2064 tu
991 2001 1135 2084 assignas
1157 2024 1221 2068 une
1239 2003 1370 2086 journde

216 2103 394 2190 Imperiale.
419 2124 457 2166 en
480 2101 615 2182 laquelle
638 2102 782 2166 combien
805 2125 874 2186 que>
889 2125 966 2167 ceux
988 2126 1121 2169 mesmes
1140 2109 1195 2189 qui
1212 2129 1256 2171 ne
1269 2109 1368 2172 t'esti·

214 2213 346 2293 moyent
367 2208 434 2272 rien
459 2207 642 2289 impossible
664 2230 744 2291 pour
768 2209 925 2274 l’alliance
946 2232 1020 2275 avec
1042 2212 1072 2274 le
1087 2211 1158 2296 Itoy
1181 2212 1221 2278 ds
1237 2213 1367 2290 France,

213 2315 424 2381 fretillassent
457 2314 495 2376 de
525 2313 628 2397 grand
658 2314 741 2378 desir
773 2315 811 2378 de
841 2315 932 2398 jouer
963 2316 1017 2380 des
1050 2321 1239 2397 musteaux,
1275 2323 1397 2404 usaot

215 2420 381 2485 toutestuis
411 2418 607 2516 d’humanitd
636 2421 668 2482 et
700 2419 857 2503 prudence
889 2421 1079 2504 singulisne,
1114 2426 1149 2486 tu
1185 2424 1309 2487 roulois
1339 2423 1369 2486 la

114 2574 120 2587 .
215 2526 307 2591 chose
331 2530 413 2589 estre
436 2525 570 2588 debatue
592 2528 681 2588 entre
703 2545 782 2608 gens
803 2524 908 2589 doctes
932 2526 1025 2589 d’une
1047 2530 1120 2608 part
1141 2531 1175 2590 et
1189 2528 1316 2593 d’autre
1330 2549 1366 2592 00

214 2630 327 2695 l’autre
345 2632 485 2713 journee.
1090 2617 1094 2626 ’

783 2753 801 2794 a

215 2863 273 2906 oon
296 2840 326 2905 el
349 2863 404 2924 rey
426 2841 464 2904 de
480 2839 623 2919 Francia,
646 2841 717 2905 avia
740 2843 879 2906 tambien
903 2843 941 2906 de
964 2865 1014 2908 ser
1035 2866 1055 2907 a
1068 2844 1146 2908 ellos
1162 2843 1240 2909 util:
1262 2869 1284 2929 y
1308 2867 1366 2929 que

213 2970 254 3031 ya
277 2946 339 3010 oasi
362 2945 505 3009 saltavan
529 2945 612 3009 alas
636 2946 830 3010 barrasson
854 2946 1011 3012 ferocidad
1035 2970 1053 3011 a
1075 2971 1127 3013 sus
1150 2949 1363 3014 adversarios:

213 3050 424 3116 auordandose
446 3052 573 3113 vuestra
595 3050 760 3134 Magastad
794 3052 831 3115 de
863 3075 899 3115 su
934 3054 1064 3136 palabra
1086 3078 1108 3138 y
1130 3075 1314 3137 promessa,
1346 3078 1366 3140 y

212 3179 271 3241 por
295 3160 427 3220 ventura
450 3156 594 3219 mirando
616 3163 736 3237 quanto
769 3178 802 3220 se
832 3157 903 3221 aria
925 3158 1123 3241 amplificado
1145 3183 1186 3243 ya
1210 3161 1242 3224 la
1263 3182 1366 3239 causa,

214 3262 285 3325 hiao
307 3282 461 3325 convocat
483 3282 547 3324 una
569 3261 697 3344 publica
720 3260 829 3326 Dicta:
859 3284 898 3326 en
931 3263 962 3327 la
984 3264 1077 3346 qual,
1109 3287 1236 3348 aunque
1258 3267 1365 3329 tenian

213 3368 338 3431 intento
362 3367 399 3430 de
423 3365 511 3429 venir
533 3388 552 3429 a
574 3364 621 3429 las
644 3388 777 3443 manos,
810 3367 856 3431 los
879 3390 939 3450 que
962 3367 1135 3432 viendote¹
1158 3369 1365 3434 confederatio

214 3493 272 3536 con
295 3473 324 3535 el
348 3494 403 3555 rey
427 3471 464 3534 de
487 3470 630 3548 Francia,
654 3472 700 3536 les
724 3473 864 3554 parecia,
889 3495 950 3556 que
973 3494 1014 3536 no
1037 3474 1125 3538 arria
1147 3495 1221 3539 cosa
1244 3497 1307 3558 que
1328 3496 1367 3538 no

213 3574 408 3662 pudiessen²
431 3576 604 3660 concluyr,
636 3576 718 3640 Pero
750 3582 876 3641 vuestra
899 3577 1064 3662 Magastad
1093 3578 1215 3643 usaudo
1245 3580 1285 3644 de
1306 3602 1368 3644 una

214 3682 360 3766 singular
382 3681 594 3758 humanidad,
616 3704 638 3765 y
660 3682 850 3764 prudencia,
873 3687 1031 3765 tuvopor
1055 3669 1129 3747 bien
1152 3705 1214 3766 que
1236 3706 1277 3749 en
1299 3689 1368 3749 otra

215 3786 309 3851 Dicta
333 3787 505 3870 signiente,
536 3809 569 3851 se
591 3790 726 3851 tratasse
749 3789 781 3852 la
802 3810 895 3853 causa
918 3792 1008 3853 entre
1031 3787 1179 3853 bombres
1202 3789 1310 3864 doctos
1331 3790 1367 3852 de

213 3893 323 3956 ambas
347 3897 471 3976 partes:

783 4013 801 4052 a

304 4099 379 4164 Nun
397 4101 776 4179 aerumnosarum,
800 4103 840 4166 ob
858 4125 931 4166 man
948 4103 1000 4167 nit
1013 4102 1178 4167 bekennen
1201 4109 1283 4182 mds,
1305 4102 1365 4168 und

216 4206 273 4284 sol,
297 4207 352 4269 das
375 4207 556 4291 vilgemelte
578 4209 662 4286 sach,
686 4208 785 4273 durch
809 4207 873 4272 Got
895 4209 954 4273 den
978 4207 1092 4272 herren
1115 4209 1218 4293 regirt
1232 4208 1298 4273 und
1312 4228 1363 4292 ge-

286 4435 298 4486 1
321 4434 389 4488 1559
408 4433 468 4489 und
488 4436 570 4490 1857:
589 4433 727 4490 viendols.
798 4434 815 4487 2
836 4436 903 4490 1559
922 4432 1057 4504 pudiosa
1095 4434 1163 4489 1857
1181 4432 1304 4504 pudiare.
