2850 5018
688 351 748 416 157

131 531 167 595 de
185 528 438 613 justificatione,
471 525 516 590 sic
547 530 596 591 est
624 525 843 602 illustratum,
875 528 912 588 ut
943 520 1129 587 infitiatioui
1160 519 1291 584 nonsit

132 636 215 700 ullus
239 635 338 697 locus.
383 630 564 696 Patefactus
587 633 636 695 011
659 633 754 712 atquc
785 630 826 694 ob
858 631 963 695 oculos
994 629 1116 712 positus
1149 647 1290 690 errorum

131 738 352 825 labyrinthus
366 738 480 821 quibus
491 741 583 800 eraut
598 735 754 800 intricatae
766 735 909 799 omnium
922 733 1087 798 hominum
1106 736 1234 794 mentes.

134 844 271 910 Concedi
295 843 397 927 possit
418 842 478 906 hoc
501 842 546 905 eis
568 840 721 917 fortasse,
752 841 835 923 quod
870 839 964 902 initio
991 860 1056 901 non
1079 841 1146 900 tam
1170 834 1292 918 ingenii

134 951 294 1034 pravitate
318 951 349 1012 et
372 948 508 1024 malitia,
532 969 625 1030 quam
652 946 853 1029 ignoratione
876 945 1022 1029 quadam,
1046 965 1083 1006 ex
1108 941 1292 1025 longinqui·

137 1060 201 1119 tete
223 1052 378 1136 temporis
402 1055 435 1115 et
457 1049 686 1115 consuetudine
709 1050 858 1126 collecta,
889 1049 1061 1133 peccarint.
1101 1047 1195 1123 Este,
1228 1047 1293 1110 lar·

137 1161 266 1245 giamur
289 1157 349 1221 hoc
364 1157 418 1220 eis.
453 1155 537 1232 Quid
553 1159 659 1219 autem
683 1155 728 1218 rei
752 1159 799 1218 est
822 1158 877 1218 aut
900 1156 1056 1237 quomodo
1078 1153 1202 1219 veniam
1227 1174 1292 1216 me-

135 1268 279 1340 reantur,
303 1262 358 1346 qui
381 1260 477 1324 etiam
499 1258 652 1323 hodierno
677 1260 736 1336 die,
761 1263 834 1344 post
856 1263 922 1322 tam
945 1260 1076 1344 longum
1101 1263 1234 1340 tempus,
1258 1258 1291 1320 in

138 1371 194 1434 hac
218 1367 397 1434 clarissima
419 1365 562 1428 veritatis
585 1367 654 1429 luce
676 1369 741 1428 tam
758 1366 918 1430 obstinate
933 1367 1110 1430 resistunt?
1141 1362 1293 1427 Excusari

138 1474 283 1559 profecto
318 1492 382 1534 non
414 1473 520 1553 potest
548 1469 615 1534 ulle
647 1469 771 1533 ratione
799 1470 865 1534 haec
888 1470 1071 1554 pertinacia.
1119 1467 1186 1532 Nec
1208 1467 1293 1531 enim

139 1580 244 1645 vocari
266 1578 333 1661 jam
356 1580 462 1660 potest
484 1575 619 1660 simplex
636 1575 697 1639 ista
712 1576 883 1660 ignoratio,
907 1598 977 1661 quae
992 1574 1114 1640 veniam
1132 1574 1293 1656 impetrat,
1371 1561 1377 1578 ’

139 1687 190 1750 sed
215 1684 334 1766 duplex
357 1681 423 1758 illa,
447 1702 542 1764 quam
555 1680 647 1744 Plato
664 1681 823 1759 describit,
849 1704 919 1745 cum
936 1682 1016 1765 quis,
1040 1678 1295 1763 indu[Niij]ctus

139 1791 226 1855 fastu
251 1787 388 1872 quodam
411 1789 443 1848 ct
464 1785 621 1868 superbia,
645 1785 706 1848 sibi
729 1786 828 1849 sumit
848 1785 980 1868 alicujus
997 1787 1042 1849 rei
1059 1786 1215 1869 peritiam,
1240 1787 1296 1847 aut

141 1894 264 1980 aliquid
296 1897 425 1967 tuetur,
461 1891 544 1973 quod
568 1891 618 1954 vel
641 1890 742 1955 nescit
766 1892 815 1955 vel
839 1894 921 1955 recte
945 1891 1068 1955 defendi
1093 1913 1158 1954 11011
1182 1891 1295 1973 potest.

141 2001 182 2066 Et
204 2001 260 2065 hic
282 1997 410 2082 quidem
433 1996 579 2075 affectuS,
613 2019 682 2060 cum
713 1996 827 2060 incidit
856 1997 888 2059 in
914 1997 1074 2061 hominem
1098 1994 1217 2078 alioqui
1239 2013 1297 2075 po·
1374 2036 1377 2041 -

142 2109 265 2170 tentem
288 2106 321 2166 et
342 2101 552 2184 locupletem,
584 2123 717 2187 magnas
740 2102 898 2168 concitare
921 2102 1001 2167 solet
1024 2101 1150 2178 turbas,
1186 2103 1223 2162 ut
1245 2097 1296 2160 in-

143 2212 214 2296 quit
246 2209 319 2288 ille,
352 2208 435 2271 sicut
457 2211 490 2270 et
512 2207 572 2273 hoc
594 2212 703 2272 nostro
728 2214 869 2292 tempore
892 2229 998 2272 coram
1021 2207 1164 2270 videmus
1186 2209 1218 2268 et
1242 2224 1296 2267 ex·

144 2317 296 2402 petimur.

237 2423 286 2485 Ac
307 2419 468 2503 profecto,
499 2420 527 2483 si
550 2419 673 2482 nullum
698 2419 828 2484 haberes
852 2419 955 2498 aliud,
979 2419 1099 2496 Caesar,
1134 2416 1297 2492 indicium,

146 2528 238 2592 facile
261 2531 375 2590 tamen·
393 2525 498 2589 videas
520 2547 558 2589 ex
582 2526 648 2604 eis,
683 2547 753 2609 quae
782 2529 858 2590 sunt
888 2531 959 2589 acta
980 2524 1184 2599 Ratisbonae,
1218 2541 1298 2605 pree-

716 2648 734 2687 a

148 2739 200 2802 der
223 2736 432 2822 begangencu
455 2735 603 2800 falscheit
626 2736 750 2801 eudlich
781 2733 966 2803 fiberwisen.
1013 2737 1086 2801 Wic
1108 2736 1170 2799 ken
1195 2733 1230 2796 E.
1255 2731 1298 2795 M.

148 2846 253 2931 einige
275 2843 418 2928 neigung
440 2843 515 2906 oder
537 2847 614 2926 grite
636 2843 820 2927 gedaucken
842 2848 880 2909 ad
904 2845 978 2909 ineu
999 2843 1113 2918 haben,
1138 2841 1187 2903 die
1202 2838 1238 2902 E.
1255 2836 1299 2900 M.

150 2951 180 3014 in
196 2948 327 3014 solchen
343 2969 542 3032 grausamen,
566 2949 803 3014 verderblichen
819 2951 970 3016 zanckelt
986 2945 1090 3026 ihren,
1114 2944 1300 3028 vorgehabt,

149 3057 212 3120 und
237 3054 336 3118 daran
358 3053 463 3117 nichts
486 3053 588 3118 haben
613 3054 771 3118 erwinden
796 3055 924 3119 lassent

237 3157 281 3222 Es
304 3158 411 3222 mbcht
433 3158 507 3221 ineu
531 3158 759 3243 nachgelassen
782 3160 846 3222 und
863 3159 1073 3245 geschenchet
1088 3155 1223 3230 werden,
1247 3153 1302 3216 das

150 3264 192 3328 sie
215 3261 402 3346 arrienglieh
423 3264 520 3325 etwas
543 3285 599 3326 aus
622 3262 860 3341 unwissenheit‚
884 3265 949 3327 und
968 3264 1019 3327 nit
1034 3284 1091 3348 gar
1107 3282 1162 3324 aus
1179 3257 1304 3322 bosheit

151 3370 270 3453 gethon
295 3366 408 3431 haben.
456 3365 519 3430 Das
542 3367 587 3430 sie
610 3368 684 3431 aber
708 3368 791 3432 noch
815 3369 941 3454 heutigs
965 3372 1036 3454 tags
1059 3361 1192 3431 darilber
1216 3385 1302 3427 mur·

151 3497 215 3554 ren,
240 3474 307 3538 und
330 3473 433 3558 gleich
457 3473 646 3560 halsstarrig
668 3475 805 3554 bleiben,
831 3477 885 3540 das
902 3477 945 3539 ist
957 3477 992 3559 ja
1007 3479 1044 3540 cd
1060 3473 1113 3550 vil,
1138 3471 1200 3536 Got
1215 3462 1311 3533 u’irts¹

151 3580 276 3646 freilich
301 3579 350 3642 nit
372 3580 582 3664 ungestraffet
604 3581 725 3660 lassen,
757 3582 839 3645 deun
862 3604 895 3645 es
919 3582 962 3646 ist
985 3582 1034 3645 nit
1058 3581 1108 3643 die
1130 3575 1303 3658 einfeltige,

152 3686 267 3750 sonder
288 3683 338 3747 dic
353 3683 479 3747 toubele
494 3685 729 3763 unwissenheit,
754 3687 854 3750 daven
871 3677 963 3751 Plato
979 3686 1128 3761 schreibt,
1152 3679 1302 3756 ndmlich,

152 3812 245 3855 weun
268 3788 356 3854 einer
379 3788 478 3852 durch
502 3791 597 3853 stcltz
620 3792 683 3854 und
715 3791 868 3856 hochmdt
897 3814 953 3855 vor
982 3791 1050 3855 sich
1079 3791 1205 3871 nimpt,
1240 3784 1305 3849 und
1394 3778 1396 3782 ⁴

153 3896 206 3960 wil
230 3896 282 3960 ein
306 3893 385 3978 diug
408 3898 531 3972 wissen,
556 3896 610 3959 das
634 3919 667 3960 er
691 3897 740 3960 uit
764 3897 845 3962 weis.
894 3897 967 3962 Uud
990 3919 1082 3960 wenn
1106 3893 1248 3977 diejhene
1271 3911 1305 3953 so

154 4001 220 4065 dise
243 4004 357 4063 arten
381 3999 447 4063 sich
470 4000 592 4079 haben,
616 4002 701 4066 reich
725 4003 789 4065 und
812 4003 964 4088 gewaltig
987 4003 1073 4079 sind,
1101 3998 1239 4064 schaffen
1263 3994 1307 4058 sie

154 4106 213 4170 offt
228 4127 360 4191 grossen
375 4107 504 4184 unrath,
527 4107 592 4170 und
608 4107 740 4172 macheu
756 4108 914 4190 sdrgliche
934 4114 1161 4191 empdrungen,
1184 4098 1307 4185 spricht
1335 4148 1338 4153 .

155 4234 198 4289 er,
223 4212 283 4275 wie
306 4211 363 4275 wir
386 4212 469 4275 denn
492 4213 576 4277 diser
598 4214 660 4277 1011
682 4203 762 4278 auch
786 4215 892 4278 sehon.

155 4317 263 4381 Weun
287 4316 362 4379 aber
384 4315 420 4379 E.
446 4317 487 4380 M.
521 4317 581 4382 ires
610 4318 762 4382 heillosen
793 4312 975 4382 fdrnemeus
997 4315 1090 4380 keinc
1113 4313 1228 4377 audere
1250 4333 1307 4374 an-

156 4423 295 4508 zeigung
319 4421 390 4501 hat,
425 4423 528 4488 weder
557 4423 625 4497 11011
657 4423 820 4502 beschlusr,
857 4422 924 4487 auff
941 4421 1054 4506 jungst
1076 4437 1308 4504 vergangenem
1376 4423 1381 4433 '
