2850 5018
684 319 742 379 161

131 492 222 558 dedit
250 492 347 578 longe
378 490 634 575 potentissimum
658 489 783 573 qualem
805 513 824 554 a
845 491 955 555 multis
973 492 1040 575 jam
1064 494 1185 559 saeculis
1210 495 1288 561 Ger·

132 704 218 788 pulis
243 726 263 767 a
286 701 353 767 Deo
376 701 543 785 praefectus
567 722 609 778 ea,
634 723 696 764 non
721 701 823 765 solum
847 705 882 764 ut
905 701 1030 765 civilem
1050 701 1208 784 justitiam
1234 705 1289 768 ad·

132 810 308 889 ministres,
331 829 445 891 eosque
469 806 508 870 ab
532 804 672 869 hostium
690 807 810 889 impetu
826 804 984 882 defendas,
1007 807 1229 871 verumetiam
1253 812 1291 873 ut

131 915 300 999 provideas
322 916 355 978 et
376 934 505 996 operam
522 912 585 988 des,
609 933 671 994 quo
687 911 738 995 pie
756 911 874 988 vivant,
898 933 955 975 uec
970 910 1035 974 ulla
1049 910 1131 976 falsa
1147 912 1291 979 doctrina

135 1019 295 1084 ducantur
319 1017 353 1080 in
375 1037 525 1081 errorem.

107 1117 193 1187 *Per
217 1121 412 1205 Hispanias,
446 1121 563 1185 avitam
595 1119 824 1202 possessionem
847 1124 879 1184 et
902 1143 1036 1206 regnum
1059 1125 1170 1201 tuum,
1203 1123 1290 1209 viget

133 1249 232 1312 supra
255 1227 383 1290 modum
408 1248 444 1289 ea
467 1247 537 1309 quae
560 1223 676 1287 dicitur
700 1223 885 1305 inquisitio,
920 1229 952 1287 ct
974 1226 1020 1289 ita
1042 1227 1168 1309 quidem
1192 1230 1288 1315 viget,

133 1336 170 1396 ut
193 1336 226 1396 et
251 1330 334 1394 nihil
358 1330 507 1412 cuiquam
529 1327 619 1392 effari
634 1326 737 1404 liceat,
761 1331 792 1390 et
809 1327 841 1390 in
857 1327 1051 1393 testimoniis
1066 1335 1290 1416 cognoscendis

133 1456 255 1521 magna
269 1434 312 1498 sit
328 1433 490 1517 iniquitas.
523 1433 614 1510 Quod
638 1452 673 1496 eo
696 1431 902 1514 periculosius
926 1438 974 1497 est
997 1439 1092 1518 atque
1115 1437 1289 1522 indignius,

135 1539 220 1624 quod
245 1539 338 1622 hujus
361 1538 580 1622 inquisitionis
603 1536 760 1622 praefecti,
784 1542 860 1600 sunt
882 1542 914 1600 et
936 1538 1056 1604 indocti
1078 1544 1110 1604 et
1132 1541 1235 1619 avari,
1259 1548 1290 1607 et

134 1665 170 1708 ex
195 1665 233 1707 eo
256 1644 359 1707 solum
382 1644 515 1727 aucupio
538 1643 659 1708 vivunt.
706 1641 768 1706 Hic
799 1647 882 1706 certe
906 1645 1094 1710 auctoritate
1118 1650 1174 1711 tua
1196 1649 1289 1713 vehe-

134 1753 261 1813 menter
282 1771 361 1833 opus
385 1752 441 1813 est.
474 1746 552 1813 Cum
574 1748 670 1825 enim,
694 1748 790 1833 longo
813 1770 919 1812 rerum
942 1771 1000 1813 usu
1024 1751 1155 1833 peritior
1177 1751 1290 1833 factus,

136 1855 249 1934 multa,
274 1877 344 1939 quae
366 1855 513 1938 cognosci
537 1854 661 1931 debent,
685 1853 849 1938 ignorare,
873 1853 992 1932 Caesar,
1024 1877 1087 1919 uon
1110 1858 1228 1939 possis,
1259 1864 1291 1924 et

136 1962 253 2027 rectius
277 1961 462 2046 intelligas,
495 1963 532 2024 ut
554 1963 602 2024 est
631 1960 800 2036 credibile,
836 1981 898 2023 non
932 1961 1024 2024 debes
1056 1959 1197 2044 profecto
1231 1964 1290 2028 hoc

136 2069 264 2130 tantum
287 2067 404 2129 donum
427 2064 608 2149 negligere,
644 2064 697 2127 sed
726 2084 783 2146 pro
813 2063 910 2127 insita
938 2049 1138 2130 humanitate
1169 2070 1225 2131 tua
1247 2070 1287 2134 li·

137 2171 286 2236 beraliter
308 2169 389 2233 illud
410 2170 516 2253 ipsum
540 2169 700 2254 impartiri
722 2168 924 2252 tuopopu10,
948 2173 980 2234 et
995 2170 1041 2234 sic
1056 2173 1140 2254 apud
1155 2178 1187 2238 te
1203 2183 1289 2243 certo

705 2290 723 2328 ss
773 2313 775 2317 .

138 2380 288 2444 mischem
311 2377 432 2455 Keiser,
457 2378 574 2442 seither
597 2377 733 2442 etlichen
756 2377 799 2441 vil
822 2379 960 2444 hundert
976 2379 1076 2462 jareu.
1108 2379 1289 2448 Denselben

137 2485 177 2549 ist
199 2485 236 2548 Ε.
263 2484 306 2548 Μ.
330 2506 390 2548 von
416 2483 478 2548 Got
509 2507 564 2547 zur
587 2481 739 2548 Oberkeit
770 2484 835 2546 und
864 2506 934 2547 zum
966 2484 1080 2548 herren
1111 2489 1288 2568 verordnet,

138 2591 184 2655 uit
206 2590 306 2655 allein
329 2590 378 2654 die
401 2588 603 2674 burgerliche
625 2588 879 2672 rechtfertigkeit
909 2593 948 2653 zd
980 2589 1188 2672 handhaben,
1224 2596 1289 2658 und

137 2696 178 2760 sie
201 2715 261 2758 vor
284 2695 399 2779 gewalt
421 2697 459 2758 zd
483 2694 681 2771 beschiitzen,
705 2694 818 2757 souder
842 2694 921 2758 auch
945 2695 1124 2780 vorsehung
1142 2701 1181 2762 zu
1196 2699 1288 2778 thuu,

137 2802 188 2867 das
213 2801 261 2865 sie
283 2800 335 2864 ein
351 2798 522 2863 Christlich
545 2797 635 2861 leben
659 2791 762 2875 fdren,
786 2797 850 2861 und
873 2799 933 2862 mit
949 2799 1058 2864 keiner
1073 2801 1209 2867 falscher
1224 2804 1289 2868 lere

139 2901 279 2972 verffiret
302 2904 437 2970 werden.

224 3008 280 3075 Nu
302 3008 374 3072 hats
399 3006 522 3090 (leider)
546 3007 579 3069 in
604 3004 639 3069 E.
664 3004 706 3069 M.
731 3005 925 3089 Spanischen
949 3007 1193 3092 Kbnigreicheu,
1217 3014 1287 3078 eine

137 3115 242 3182 solche
264 3113 400 3198 gestalt,
434 3112 488 3175 das
520 3110 571 3174 die
593 3109 787 3193 Inquisition
816 3115 887 3176 zdm
922 3113 1000 3176 aller
1033 3114 1287 3198 gescbwindsten

137 3222 201 3287 und
223 3241 297 3283 zum
320 3216 531 3299 schbtrpffsten
555 3211 653 3300 gedbt
686 3216 778 3294 wirt,
814 3217 881 3280 also
909 3218 963 3281 das
995 3241 1068 3282 man
1099 3219 1177 3283 aller
1211 3223 1289 3307 ding

137 3327 242 3392 nichts
267 3324 362 3388 reden
386 3343 474 3399 mus,
505 3321 571 3384 und
600 3320 740 3385 daueben
774 3322 835 3384 mit
857 3322 916 3385 den
940 3324 1126 3407 zeugnissen
1149 3347 1206 3409 gar
1229 3350 1289 3391 un-

137 3429 296 3509 formlich,
322 3429 430 3493 schnel
454 3427 519 3490 und
534 3427 725 3512 geschwind,
747 3427 781 3510 ja
796 3426 952 3492 blindlich
969 3427 1112 3512 adgehet.
1143 3429 1290 3496 Welches

136 3560 191 3623 gur
216 3536 270 3601 ein
293 3533 443 3620 geferlich
467 3533 544 3617 ding
567 3533 619 3612 ist,
642 3534 708 3596 und
731 3535 818 3597 desto
843 3533 947 3610 mehr,
973 3533 1065 3597 dweil
1088 3534 1231 3617 diejhene
1254 3561 1289 3603 so

137 3641 291 3729 gemelter
313 3637 506 3722 Inquisition
530 3638 707 3715 vorsteheu,
732 3638 807 3701 eben
834 3660 890 3701 aus
906 3639 1084 3702 demselbeu
1101 3638 1290 3706 handwerck
1413 3700 1420 3713 ,

137 3750 271 3822 erueret,
296 3744 375 3808 auch
399 3742 477 3806 aller
500 3743 578 3827 ding
602 3742 837 3826 ungeschicket,
861 3744 1008 3827 uugelert
1030 3744 1095 3807 und
1118 3745 1286 3811 unerfaren

138 3853 218 3930 sind,
243 3850 353 3914 darein
376 3847 412 3914 E.
436 3848 479 3911 M.
504 3847 613 3912 billich
638 3849 689 3911 ein
713 3847 900 3911 ernstliches
922 3848 1087 3911 einsehens
1110 3848 1192 3913 thdn
1215 3851 1286 3915 solt.

137 3955 232 4020 Denn
255 3976 291 4018 so
314 3952 376 4017 Got
400 3952 436 4016 Ε.
460 3952 503 4016 M.
529 3953 579 4017 die
602 3953 686 4038 guad
710 3953 811 4036 geben
836 3952 909 4030 hat,
946 3954 1000 4017 das
1023 3953 1069 4016 sie
1091 3975 1156 4031 uu,
1191 3956 1287 4020 durch

136 4058 232 4144 lange
254 4058 416 4142 erfarung,
440 4058 555 4135 vorab,
579 4058 678 4121 durch
700 4058 1004 4142 nechstgehaltenen
1029 4056 1201 4144 Reichstag
1223 4062 1289 4127 und

137 4163 300 4249 gesprach,
324 4163 404 4228 viler
428 4164 506 4248 ding
529 4165 584 4227 bes
609 4164 764 4227 berichtet
788 4164 855 4226 sein
879 4185 971 4248 mag,
997 4164 1081 4226 daun
1105 4164 1217 4240 bevor,
1242 4166 1289 4229 sol

138 4267 173 4332 Ε.
197 4268 242 4332 Μ.
267 4268 373 4333 solchc
396 4271 458 4351 gab
480 4271 544 4333 und
570 4267 702 4332 wolthat
726 4268 855 4346 Gottes,
885 4269 934 4331 nit
957 4267 1143 4345 veracbten,
1176 4271 1290 4334 sonder

139 4394 194 4436 aus
218 4371 446 4438 Keiserlicbem
463 4373 683 4437 vatterlichem
713 4367 843 4458 gemdt,
879 4373 924 4435 ire
946 4371 1097 4450 Erbland,
1121 4373 1186 4436 und
1207 4373 1289 4440 liebe

182 4493 307 4536 suum.
1044 4477 1072 4529 11
