2850 5018
688 340 748 403 143

219 511 339 590 Ρο11ο,
371 531 436 575 non
459 515 507 576 est
530 510 612 594 quod
637 510 855 577 existimemus
877 512 978 577 levem
1001 514 1085 580 huuc
1107 536 1174 579 esse
1197 521 1292 599 atque

130 617 299 702 vulgarem
324 618 468 693 abusum,
500 638 605 681 errore
627 617 763 698 quodam
787 624 819 681 et
842 618 1039 701 temporibus
1063 618 1291 700 introductum,
1368 633 1373 641 '

131 722 181 787 sed
205 723 417 808 cogitandum
443 723 490 785 est
512 720 653 805 graviter
675 742 711 784 ac
733 721 836 797 serio,
873 721 927 785 diu
950 726 983 785 et
1004 724 1162 801 multum,
1197 747 1293 808 quam

133 829 248 893 misere
273 833 344 893 tum
360 827 458 892 fuerit
473 826 640 890 obscurata
656 826 708 908 pia
723 826 875 904 doctrina,
900 848 996 908 quam
1017 828 1180 910 deplorata
1196 829 1294 895 fuerit

135 956 240 998 rerum
263 933 362 997 facies
385 953 441 1015 per
463 929 549 994 hunc
571 933 716 993 nostrum
739 930 859 1007 orbem,
882 930 1008 1013 quando
1025 939 1217 999 veteratores
1240 937 1294 1000 isti

134 1061 196 1102 non
222 1038 417 1102 verebantur
439 1036 593 1120 ejusmodi
628 1058 700 1100 suas
735 1058 853 1101 merces
884 1039 968 1121 apud
1000 1060 1057 1102 nos
1081 1040 1293 1120 circumferre,

137 1143 263 1226 quando
289 1164 353 1206 non
376 1142 568 1207 dubitabant
590 1162 647 1224 pro
677 1142 825 1206 contione
854 1143 986 1206 recitare
1019 1145 1137 1227 populo
1169 1147 1294 1229 quidvis
1377 1147 1380 1154 ’

136 1247 244 1325 etiam,
268 1247 475 1330 quantumvis
494 1248 648 1329 ineptum,
673 1247 808 1330 impium
824 1252 857 1311 et
873 1248 1054 1325 absurdum,
1079 1253 1205 1333 quando
1230 1274 1294 1316 uon

136 1355 229 1418 modo
253 1354 369 1438 vulgus
392 1353 573 1429 hominum,
597 1352 651 1416 sed
674 1374 765 1437 reges
789 1354 885 1416 ctiam
910 1376 945 1417 ac
968 1354 1145 1438 principes,
1172 1357 1204 1419 in
1228 1361 1293 1421 tam

136 1459 237 1523 tetris
262 1462 296 1523 et
318 1458 441 1522 miseris
463 1459 667 1543 opinionibus
693 1457 867 1525 haerebant.
900 1458 974 1523 Non
990 1458 1042 1524 hio
1057 1442 1185 1526 tantuin
1208 1484 1295 1527 error

138 1566 166 1629 in
191 1586 231 1629 eo
256 1564 533 1648 reprehendendus
556 1564 662 1640 venit,
696 1565 750 1629 sed
784 1564 884 1646 majus
913 1564 1070 1646 quoddam
1100 1567 1181 1631 latet
1211 1567 1296 1633 haud

140 1671 233 1736 dubie
255 1669 463 1754 mysterium,
498 1673 531 1734 et
560 1669 749 1733 inexhausta
781 1668 924 1751 quaedam
954 1668 1200 1735 foedissimorum
1223 1694 1295 1756 per-

140 1776 324 1840 suasionum
347 1773 496 1839 colluvies
519 1775 552 1838 in
576 1775 638 1839 ista
660 1775 786 1839 sentina
808 1774 998 1838 reconditur.
1030 1774 1202 1841 Habebunt
1217 1778 1296 1842 olim>

141 1880 261 1945 domini
284 1883 474 1964 potestatem
499 1902 625 1945 omnem
648 1880 681 1943 in
704 1900 827 1957 servm,
858 1901 921 1944 non
954 1901 1041 1944 secus
1064 1884 1160 1964 atque
1182 1883 1216 1945 in
1240 1904 1295 1966 pe·

143 1985 244 2048 eudes.
294 1983 441 2049 Consulit
463 1990 570 2050 autem
593 1985 701 2063 Plato,
733 2007 772 2050 ne
795 1986 844 2050 vel
868 1986 979 2049 acerbe
1002 1985 1051 2050 vel
1072 1987 1222 2051 iracunde
1245 1988 1297 2051 ni·

142 2090 239 2153 mium
265 2093 322 2153 aut
345 2091 514 2155 crudeliter
537 2097 569 2155 et
592 2093 669 2155 dure
692 2091 878 2155 habeantur.
911 2089 1001 2167 Quod
1018 2095 1054 2152 ut
1076 2090 1202 2155 facilius
1224 2115 1297 2175 per-

143 2195 293 2271 suadeat,
331 2193 413 2258 hano
445 2195 534 2260 addit
565 2196 724 2281 insignem
758 2196 973 2272 sententiam,
1008 2217 1075 2260 esse
1105 2197 1234 2279 optimae
1266 2203 1298 2262 et

144 2298 371 2364 laudatissimae
394 2304 517 2364 naturae
546 2300 695 2386 signum,
731 2301 857 2384 quando
889 2301 1050 2365 moderate
1080 2302 1150 2385 quis
1173 2303 1297 2387 agitet

144 2406 315 2470 clementer
338 2405 371 2468 in
395 2405 478 2486 illos,
502 2406 535 2470 in
559 2429 637 2490 quos
660 2407 779 2489 alioqui
802 2406 912 2470 saevire
934 2405 1044 2488 possit.

713 2529 730 2568 s

145 2610 218 2678 Nun
243 2635 317 2678 mus
339 2637 413 2680 man
435 2616 514 2680 eben
540 2616 699 2701 dasselhig
730 2617 821 2681 stuolr
852 2616 902 2680 nit
933 2616 1048 2701 gering
1081 2615 1215 2692 achten‚
1251 2614 1299 2680 als

146 2719 235 2784 einen
259 2719 459 2798 misbrauoh‚
483 2722 538 2786 der
559 2722 620 2785 mit
643 2723 697 2786 der
719 2722 780 2785 zeit
803 2722 998 2806 eingerissen
1022 2721 1083 2797 sei,
1108 2728 1165 2784 eto.
1211 2721 1299 2786 Aber

146 2845 217 2888 man
240 2824 291 2888 sol
314 2825 379 2889 und
403 2830 473 2891 mus
497 2828 694 2912 gedencken‚
725 2828 785 2892 wie
817 2828 878 2891 alle
900 2826 1092 2891 Christliche
1114 2826 1196 2904 lere,
1228 2848 1300 2891 ver·

145 2929 288 3008 instem,
319 2931 461 2996 besudlet
493 2933 558 2996 und
590 2932 787 3010 vernichtet,
818 2933 896 2995 item
918 2933 976 2996 wie
1000 2954 1031 2995 es
1055 2953 1113 3016 gar
1136 2931 1187 2994 eiu
1210 2953 1298 2995 armo

146 3036 263 3118 gestalt
286 3034 319 3098 iu
344 3035 399 3099 der
421 3037 495 3101 welt
517 3059 658 3122 gewesen
684 3038 743 3114 ist,
768 3037 808 3101 da
830 3037 896 3101 dise
918 3037 1088 3100 Einantzer
1111 3037 1176 3099 und
1199 3036 1296 3120 hldge

146 3135 254 3217 ldchs,
287 3139 390 3205 haben
413 3135 519 3207 solche
540 3142 822 3208 kauffmansohafft
844 3137 960 3206 thiren
984 3140 1175 3205 herumbher
1198 3141 1299 3204 durch

146 3246 205 3310 alle
228 3243 426 3330 Kdnigreich
450 3243 561 3325 thren,
594 3250 658 3313 und
683 3250 733 3313 die
755 3249 843 3325 lent,
876 3249 953 3312 alles
977 3271 1041 3312 was
1065 3248 1111 3311 sie
1133 3270 1194 3311 nur
1217 3248 1301 3312 selba

145 3351 273 3436 gemblt,
296 3350 425 3436 gedicht
447 3356 510 3419 und
535 3359 722 3440 getreumet,
746 3350 895 3419 dberredt
917 3354 1030 3430 haben,
1055 3355 1095 3416 da
1115 3352 1176 3416 alle
1191 3353 1301 3438 Konig

145 3456 209 3520 und
232 3454 443 3534 Potentaten‚
474 3459 554 3524 eben
577 3461 713 3524 wieder
736 3460 862 3544 gemein
885 3459 981 3543 p'dffel
1004 3459 1049 3521 im
1072 3458 1181 3522 selben
1204 3458 1298 3522 wohn

145 3562 209 3625 und
233 3560 397 3625 irrthumb
418 3585 562 3648 genesen
586 3565 667 3628 sind.
713 3563 756 3628 Es
786 3587 851 3629 war
883 3564 1010 3628 frcilich
1033 3563 1082 3627 uit
1106 3562 1203 3627 allein
1225 3564 1302 3628 umb

145 3664 234 3729 disen
258 3666 374 3750 grewel
406 3689 445 3730 zu
475 3668 578 3746 thriu,
613 3670 727 3735 sonder
759 3690 791 3733 cs
820 3672 906 3733 mdst
928 3669 991 3733 wol
1012 3673 1108 3732 etwas
1132 3667 1222 3730 mehr
1244 3667 1301 3732 da·

146 3769 266 3834 hinden
290 3773 465 3856 verborgen
489 3773 566 3837 sein.
598 3772 779 3838 Vorzeiten
802 3774 914 3837 hatten
938 3773 989 3836 die
1012 3771 1062 3853 [8]
1086 3770 1200 3833 herren
1223 3765 1301 3836 fiber

147 3874 192 3938 ire
212 3874 371 3959 leiheigen
394 3875 512 3941 knecht
528 3878 612 3942 allen
628 3877 755 3962 gewult‚
778 3877 926 3941 mochten
943 3876 1003 3939 mit
1018 3875 1092 3938 iuen
1110 3875 1300 3956 umbgehen‚

149 3979 206 4043 wie
227 3979 289 4042 mit
312 3978 383 4043 dem
404 3981 486 4048 vieh.
523 3981 611 4046 Aber
626 3982 719 4047 Pluto
742 3983 815 4068 gibt
837 3983 897 4046 den
920 3982 1003 4058 raht‚
1026 4002 1100 4044 man
1124 3979 1203 4044 solle
1225 3981 1302 4045 alles

150 4082 282 4162 frevels‚
317 4085 529 4164 mttwillens‚
564 4087 629 4150 und
651 4087 749 4171 injuri
772 4110 812 4151 au
836 4087 911 4151 ineu
935 4081 1058 4169 mirssig
1080 4084 1202 4169 gehen,
1236 4086 1304 4150 und

150 4194 239 4274 sagt,
273 4211 365 4254 weun
390 4191 459 4256 sich
482 4193 568 4257 einer
591 4192 730 4271 euthelt,
765 4193 824 4256 den
844 4192 963 4277 jhenen
987 4188 1212 4255 beschwerlioh
1236 4190 1302 4255 und

151 4287 325 4379 lberlestig
347 4317 385 4358 zu
408 4297 485 4376 sein,
511 4298 560 4361 die
583 4320 616 4362 er
639 4297 718 4363 doch
741 4301 833 4361 sunst
852 4295 961 4363 mboht
976 4295 1057 4360 nach
1072 4295 1167 4359 allem
1182 4295 1302 4359 seinem

153 4395 215 4463 lust
237 4399 304 4464 und
328 4399 529 4487 wolgefallen
551 4402 667 4491 plagen
690 4401 756 4467 und
779 4405 933 4488 dugsten,
955 4422 997 4465 an
1019 4400 1090 4465 dem
1112 4393 1207 4486 sprire
1229 4422 1306 4467 man
