2850 5018
660 309 680 370 5

110 486 209 569 gatus,
233 480 440 566 hyrannicum
463 487 547 557 esso,
582 501 684 562 neque
718 479 782 543 vim
816 478 913 543 ullam
949 478 1074 544 habero.
1120 477 1163 543 Et
1191 478 1258 544 haec

106 587 231 672 quidem
255 585 492 670 0010001001οη
517 585 605 649 illam
622 606 706 671 ergo,
731 585 807 668 quia
826 589 968 668 tempore
982 585 1070 668 prior
1086 587 1142 663 cst,
1167 588 1256 649 antc-

102 693 203 778 posui,
227 690 416 774 quibusdam
439 690 473 754 in
497 711 533 754 ea
556 678 687 754 motatio
711 693 742 754 et
765 690 913 775 adjectio,
945 689 985 754 ob
1010 711 1064 767 ea,
1100 710 1170 773 quae
1191 710 1257 753 non

101 797 147 861 ca
169 796 295 879 pridem
317 795 351 858 in
373 793 455 858 hano
477 816 603 858 causam
625 793 815 859 inciderunt.
854 791 1008 858 Caeterum
1031 815 1077 872 ca,
1100 814 1170 877 quae
1184 814 1257 876 per·

101 901 208 964 tinent
231 900 272 964 ad
293 899 455 982 pactiones
477 905 509 963 cb
532 921 581 963 res
603 903 708 985 gestas
732 921 844 985 regum
866 903 899 963 et
917 900 1116 982 pontificum,
1139 898 1258 963 nostris

103 1004 281 1090 praescrtim
309 1004 526 1087 temporibuS,
562 1004 664 1088 petita
695 1009 770 1069 sunt
804 1026 842 1068 cx
873 1003 949 1089 ipsis
977 1025 1088 1090 regum
1118 1003 1256 1088 scriptis,

103 1131 239 1193 quorum
262 1108 369 1193 aliqua
391 1111 466 1172 sunt
488 1129 601 1174 excusa
623 1108 727 1194 hypio,
751 1108 824 1187 alia,
848 1107 924 1173 licet
947 1109 1090 1174 nondum
1112 1107 1255 1193 promul·

102 1220 178 1301 gata
200 1215 283 1294 sint,
313 1215 419 1298 ipsum
450 1217 557 1278 tomen
587 1213 722 1278 fortasse
752 1218 876 1298 tempus
911 1213 1082 1299 aliquando
1104 1214 1254 1299 proferet.

103 1319 181 1384 Haec
212 1323 303 1398 sunt,
348 1318 385 1382 de
417 1319 532 1403 quibus
572 1323 605 1383 10
647 1319 989 1385 commonefaciendum
1025 1340 1108 1399 esse,
1143 1319 1252 1397 lector,

104 1424 221 1509 putavi.
279 1423 369 1489 Vale.
424 1423 654 1510 Argentorati‚
694 1425 831 1508 septimo
866 1424 1013 1489 colendas
1050 1423 1131 1489 Julii
1167 1446 1252 1489 anno

103 1527 327 1597 M.D.XLIIII.

671 1688 688 1728 ss

102 1825 182 1898 [Der
215 1826 432 1896 spanische
460 1826 694 1882 ilbcrsetzcr
718 1826 808 1910 0114
837 1845 912 1881 zum
937 1826 1097 1882 boricht
1124 1844 1169 1881 cn
1196 1825 1255 1881 (110

539 1913 819 1985 το1010011101οτ]
864 1968 868 1974 ,

177 2036 306 2092 Sumorio
328 2036 363 2092 (10
386 2036 453 2094 todo
472 2039 500 2094 lo
519 2037 667 2094 contenido
690 2055 725 2092 cn
744 2037 773 2092 la
790 2036 975 2093 informacion
991 2056 1011 2107 y
1028 2036 1139 2094 oracion
1157 2056 1211 2108 que
1229 2057 1258 2095 oo

103 2141 188 2195 nguo.

172 2212 224 2267 Del
242 2211 340 2282 origen
357 2231 376 2282 y
394 2210 565 2268 nooimiento
582 2212 628 2268 dol
647 2211 819 2269 Pontificado
838 2213 981 2278 Romano,
1009 2230 1028 2281 y
1052 2211 1087 2267 (10
1111 2230 1188 2269 como
1217 2215 1256 2270 hc

103 2300 156 2370 ydo
175 2299 317 2356 crocicndo
335 2318 367 2354 su
385 2299 538 2355 cutoridcd
554 2319 573 2370 y
590 2300 721 2371 potencia
739 2318 790 2356 con
814 2302 856 2357 los
880 2301 1016 2372 tiompos:
1044 2319 1064 2370 y
1081 2318 1135 2370 quo
1155 2302 1198 2356 tal
1216 2303 1255 2358 ho.

103 2391 197 2446 deser
216 2390 243 2444 01
259 2390 299 2444 fin
316 2407 369 2461 que
386 2390 425 2445 ho
443 2389 477 2444 (10
495 2392 582 2445 tener.
619 2389 716 2446 Dondc
733 2408 784 2460 por
803 2391 832 2445 la
851 2408 950 2459 mayor
972 2388 1055 2459 porte
1074 2404 1102 2443 00
1120 2388 1255 2446 dcclarcn

103 2479 220 2548 algnnos
237 2477 364 2534 oraculos
381 2477 416 2533 (10
433 2479 463 2533 lc
481 2478 579 2533 divino
597 2479 772 2550 Enoriptura,
800 2497 851 2550 por
875 2479 917 2535 los
941 2477 1038 2547 quoles
1057 2478 1177 2532 ostcvcn
1193 2496 1255 2532 mu·

103 2566 165 2622 choo
183 2565 302 2635 ticmpos
320 2565 359 2620 ha
377 2565 502 2635 dichasy
516 2566 735 2636 Prophetizadas
753 2567 828 2622 estas
846 2584 936 2622 cosas:
962 2565 1025 2619 Dan
1045 2581 1073 2619 sc
1092 2562 1254 2621 onsimismo

102 2652 236 2708 remedios
253 2671 273 2721 y
291 2654 448 2720 oonsuolos,
476 2655 510 2710 (10
533 2655 575 2711 los
600 2656 696 2725 quoles
720 2656 789 2711 deve
806 2655 841 2711 (10
859 2673 925 2711 usar
943 2654 1010 2711 todo
1028 2653 1074 2708 fiel
1092 2652 1253 2709 Christiano

103 2743 228 2797 enectos
247 2739 365 2811 ticmpos
384 2744 436 2798 ton
454 2743 542 2799 llenos
560 2743 595 2798 (10
607 2743 797 2799 calomidades
815 2762 834 2813 y
855 2744 988 2814 trobajos,
1007 2759 1079 2812 para
1098 2740 1255 2796 00100101-

102 2829 185 2894 leccr,
205 2829 266 2885 sino
285 2832 365 2885 anteo
382 2847 545 2901 perseverat
563 2832 804 2887 constantcmento
822 2848 858 2886 cn
875 2830 906 2886 la
924 2830 951 2884 fc
968 2828 1015 2884 (101
1024 2828 1090 2898 Hijo
1104 2827 1259 2898 Unigenito-

102 2916 135 2972 (10
153 2916 227 2972 Dios.
