2850 5018
660 329 700 390 43

100 505 197 570 tifieis
218 503 360 588 plurima
381 502 438 567 fist
459 505 492 565 et
520 499 696 564 necessaria
726 497 853 563 mentio
900 495 981 573 Quid
1016 495 1077 561 boc
1108 500 1156 560 est
1185 494 1253 560 rei?

98 611 162 675 cnr
197 609 253 677 ille
288 608 394 692 potius
428 628 524 690 quam
561 605 695 669 alierum
730 603 965 686 provinciarum
999 605 1056 667 sut
1088 601 1253 666 ciuitatum
1373 676 1377 684 Ι

96 713 237 797 episcopi
261 712 307 776 sio
328 711 445 795 ubique
468 708 663 793 conspicitur
686 709 769 772 inter
799 707 918 771 medios
949 727 1038 792 reges
1068 711 1163 789 atque
1186 706 1253 771 Oae·

16 814 17 818 ’
93 839 191 895 sares,
218 818 429 894 tumultuans,
453 815 605 891 ambiens,
629 813 834 898 prehensam,
856 812 1032 888 turbarum,
1049 809 1252 887 seditionum,

96 922 311 987 rebellionum
335 927 460 1000 auctor,
490 921 593 985 iniens
624 919 742 984 foederu
764 940 835 983 cum
858 917 1004 993 diversis,
1038 936 1123 980 nunc
1145 914 1252 998 profli-

98 1032 192 1112 gatus
218 1027 258 1091 ab
280 1049 361 1103 uno,
393 1049 466 1091 mox
489 1025 655 1091 restitutus
678 1025 717 1088 ab
740 1020 826 1088 alio?
873 1023 1024 1100 Quaensm
1048 1024 1097 1085 est
1118 1020 1180 1084 ista
1202 1040 1252 1083 re·

24 1132 26 1136 ’
96 1154 167 1196 rum
190 1131 297 1197 facies.
333 1129 418 1208 Quid
434 1131 468 1195 in
484 1153 520 1196 eo
538 1131 643 1195 simile
665 1129 787 1194 homini
810 1127 1047 1192 ecclesiastico?
1082 1124 1164 1203 Quid
1188 1145 1252 1188 non

94 1237 204 1321 potins
226 1237 305 1302 facit
327 1259 422 1321 quam
440 1239 497 1302 boc
512 1237 626 1321 ipsum,
648 1221 734 1319 'quod
751 1233 915 1319 proprium
932 1237 980 1296 est
996 1231 1095 1314 ipsius
1111 1231 1253 1294 munus?

100 1341 158 1405 An
180 1342 321 1406 oblivisci
352 1341 526 1425 poterimus
554 1362 680 1417 eorum,
714 1361 785 1423 quae
814 1342 924 1403 nostra
950 1323 1108 1402 'memoris
1138 1339 1171 1400 et
1194 1335 1252 1400 hnc

102 1449 196 1510 aetste
229 1446 435 1531 contigerunt
467 1447 502 1509 in
536 1449 645 1510 nostro
679 1448 870 1528 conspeetu,
909 1441 1027 1505 nostris
1063 1441 1095 1504 in
1129 1438 1250 1504 aedibus

95 1553 132 1614 et
154 1549 256 1614 focis?
300 1548 451 1634 Captivos
474 1550 507 1615 in
532 1549 734 1615 acerbissima
764 1554 796 1613 et
819 1548 995 1613 miserrima
1023 1545 1176 1611 servitute
1198 1545 1251 1610 de·

668 1707 686 1746 11

100 1832 177 1914 [20]
201 1830 460 1895 Pourrons-nons
475 1831 597 1895 oublier
613 1852 646 1894 ce
669 1830 723 1914 qui
744 1834 791 1894 est
807 1852 906 1894 uvenu
923 1829 960 1892 ds
975 1831 1083 1891 nostre
1103 1825 1253 1890 memoire

96 1939 129 2000 et
157 1935 195 1999 de
221 1957 255 2007 ce
277 1933 380 2019 temps
400 1935 516 2000 devant
540 1959 598 2001 noz
620 1961 720 2023 yeux,
745 1960 783 2002 en
805 1959 863 2000 noz
883 1935 1021 2000 maisons
1048 1938 1080 1997 et
1104 1933 1262 2018 fouyersl·

96 2040 126 2104 ll
149 2064 170 2105 a
198 2044 274 2104 tenu
309 2062 368 2104 nou
398 2041 513 2125 esprits
545 2042 660 2126 captifs
692 2065 731 2106 en
763 2042 879 2107 oruelle
901 2044 933 2105 et
957 2039 1123 2104 miserable
1153 2037 1252 2103 servi·

667 2198 685 2237 ³1¹

96 2320 139 2386 Fls
175 2321 314 2405 possible
341 2343 401 2405 que
420 2321 571 2404 podsmos
599 2322 721 2386 olvidar
756 2324 896 2407 aquellss
931 2345 1017 2388 cosas
1051 2323 1089 2387 de
1113 2343 1173 2406 que
1197 2343 1237 2385 no

95 2427 279 2490 scordamos
302 2449 323 2510 y
346 2448 406 2509 que
437 2449 476 2491 en
510 2431 640 2491 nuestrs
670 2427 747 2492 edad
780 2429 844 2492 hun
871 2429 1035 2494 contecido
1059 2428 1183 2492 delente
1210 2425 1251 2491 de

95 2532 244 2595 nuestros
271 2531 347 2614 ojos,
372 2553 410 2595 en
433 2534 577 2596 nuestrus
593 2533 720 2614 propias
741 2554 827 2597 ossas
845 2556 866 2617 y
881 2532 1039 2617 hogares?
1062 2532 1181 2597 Hunos
1197 2531 1250 2596 de·

96 2636 207 2702 tenido
225 2639 369 2700 nuestras
390 2637 512 2701 animas
536 2637 676 2720 captivas
700 2659 740 2700 en
763 2660 826 2700 una
850 2637 1044 2703 cruelissima
1061 2662 1083 2723 y
1099 2660 1174 2722 muy
1190 2636 1250 2700 mi·

668 2791 684 2828 *

93 2919 278 3002 yedermsn,
303 2915 363 3000 bey
387 2914 464 2979 irem
488 2914 580 2978 leben
603 2914 725 2992 erkent,
749 2915 813 2978 und
836 2937 893 2979 vor
915 2920 1074 3001 tyrannen
1090 2917 1250 3003 gehalten,

95 3021 176 3088 auch
201 3021 253 3085 die
275 3021 389 3085 kinder
411 3020 479 3085 suff
503 3020 563 3083 den
594 3041 716 3104 gessen.
763 3020 837 3085 Und
869 3021 909 3084 ob
940 3044 1030 3086 mens
1058 3022 1162 3107 gleich
1195 3023 1252 3086 het

94 3122 224 3192 mdssen
249 3126 375 3200 dulden,
398 3147 434 3189 so
456 3125 499 3188 ist
522 3125 556 3188 iu
579 3125 724 3189 denuoch
746 3126 798 3188 ein
814 3127 909 3211 yeder
925 3128 957 3190 in
973 3129 1092 3192 seiuem
1108 3123 1250 3213 gemdtb,

93 3233 182 3297 feind
204 3251 357 3317 genesen.
404 3230 490 3295 Aber
513 3232 573 3294 mit
596 3229 695 3293 disem
718 3229 791 3294 hats
815 3232 867 3295 ein
890 3233 994 3297 solche
1017 3233 1150 3318 gestult,
1174 3232 1249 3296 wie·

93 3338 156 3401 wol
179 3336 233 3400 nie
255 3336 348 3400 heine
370 3344 552 3420 granssmer
566 3337 724 3420 tyranney
743 3357 884 3421 gewesen
903 3338 998 3420 (deun
1016 3339 1114 3415 beide,
1138 3356 1250 3402 unserc

92 3443 158 3507 leib
181 3443 248 3506 und
270 3442 334 3507 seel
357 3442 414 3506 bat
436 3464 470 3506 er
491 3442 535 3506 im
559 3440 774 3528 undertheuig
795 3445 860 3509 und
884 3467 985 3529 eygen
1010 3444 1170 3529 gemacht)
1195 3443 1249 3507 dus

94 3569 128 3611 er
151 3546 298 3611 dennoch
319 3566 356 3609 so
375 3546 418 3609 vil
441 3544 581 3610 hundert
599 3547 660 3629 jar,
684 3568 740 3610 vor
762 3548 908 3626 solchen,
934 3550 984 3613 nit
1005 3549 1103 3619 allein
1125 3548 1175 3612 nit
1198 3568 1249 3613 er·

93 3650 199 3715 kantb
220 3650 286 3714 und
308 3648 458 3734 gehulten
480 3650 532 3727 ist,
558 3652 672 3716 sonder
694 3653 793 3729 auch,
819 3655 865 3718 uls
888 3655 929 3718 ob
952 3678 986 3719 er
1010 3660 1081 3720 zhm
1104 3654 1250 3718 mensch·

93 3755 199 3820 lichen
222 3755 287 3819 heil
310 3755 375 3818 und
399 3759 497 3833 trost,
530 3776 601 3820 vom
629 3756 729 3820 himel
752 3757 883 3822 heraber
906 3759 1075 3837 hommes,
1109 3758 1173 3823 und
1195 3757 1250 3822 be·

70 3858 218 3924 ·sohicht
241 3881 332 3936 were,
356 3881 412 3924 vor
430 3859 491 3924 den
507 3860 585 3923 aller
602 3861 772 3944 heiligsten
798 3863 866 3926 suff
886 3865 990 3939 erden,
1014 3863 1162 3949 gesehtet
1186 3863 1250 3927 und

93 3964 223 4049 geehret
246 3964 289 4029 ist
311 3965 455 4043 worden,
480 3965 559 4029 such
583 3966 779 4045 dermassen,
803 3968 857 4033 des
881 3991 915 4033 er
936 3969 1019 4033 selbs
1042 3968 1182 4054 spricht,
1216 3987 1250 4031 er

93 4068 199 4133 konne
222 4068 256 4132 in
281 4068 447 4135 thlichen
471 4071 586 4135 suehen
608 4070 659 4134 nit
681 4072 811 4155 irren.†
857 4108 861 4115 ·

181 4171 245 4238 Wo
267 4172 371 4238 solchs
392 4174 443 4238 nit
464 4175 506 4239 ist
536 4176 590 4240 der
622 4177 701 4260 gross
730 4178 1013 4261 onsullsprechlich
1036 4176 1176 4252 Grewel,
1210 4176 1250 4241 ds

93 4276 142 4341 die
166 4277 293 4342 sehrifft
316 4299 378 4341 von
400 4278 497 4356 redet,
521 4281 580 4343 wie
602 4280 787 4365 obgemelt,
816 4281 870 4346 der
893 4282 959 4346 sich
983 4282 1016 4345 in
1040 4282 1095 4345 der
1117 4282 1248 4348 kirchen

94 4381 231 4446 erheben
256 4382 329 4460 solt,
355 4404 418 4447 was
440 4385 517 4449 solts
540 4385 624 4449 dsnn
648 4385 739 4449 sein?
