2850 5018
767 341 829 404 232

96 534 99 539 ·
224 517 375 602 gladium,
400 520 431 580 et
453 515 512 580 hac
534 537 605 580 eum
629 517 724 578 exuat
746 517 913 598 potestate,
937 535 1032 597 quarn
1049 514 1158 578 multis
1171 514 1240 598 jam
1256 515 1374 580 saeculis

224 624 258 686 in
282 622 490 706 plurimorum
513 621 685 705 perniciem
708 619 874 683 convertit.
913 617 956 682 Et
978 640 1062 697 sane,
1087 619 1114 683 si
1136 619 1305 685 tolleretur
1326 620 1374 684 in·

223 731 435 791 strumentum
460 726 556 802 illud,
591 725 673 809 quod
702 746 766 788 non
790 724 912 808 patitur
934 746 1006 789 cum
1028 746 1095 790 esse
1118 725 1222 790 virum
1245 726 1372 805 bonum,

225 832 326 896 multo
349 832 471 896 felicius
495 834 641 916 ageretur
664 851 735 894 cum
758 829 835 912 ipso.
881 827 965 893 Nam
987 829 1070 894 sicut
1092 830 1243 910 ambitio,
1274 831 1374 896 fastus

224 941 257 1001 et
279 937 413 1001 avaritia
435 958 558 1000 causam
583 935 754 1011 dederunt,
788 939 825 997 ut
853 955 891 998 ex
922 937 986 998 uno
1017 934 1140 1019 flagitio
1171 936 1320 1021 delapsus
1338 937 1372 1000 in

224 1041 320 1118 aliud,
338 1039 575 1104 Antichristum
590 1039 682 1102 nobis
697 1038 864 1121 exprimat,
888 1037 934 1101 ita
951 1059 1074 1121 quoque
1090 1039 1160 1104 fieri
1175 1061 1241 1104 non
1257 1045 1372 1125 potest,

226 1150 263 1209 ut
285 1145 334 1210 vel
358 1144 444 1209 Petri
466 1145 515 1208 vel
538 1144 753 1228 apostolorum
775 1162 933 1232 successor
957 1140 1067 1206 haberi
1090 1144 1212 1223 debeat,
1239 1146 1304 1211 nisi
1327 1169 1373 1212 re-

223 1253 296 1316 deat
319 1255 405 1316 totus
428 1251 467 1327 ad
488 1250 660 1334 pristinum
683 1246 763 1311 illud
786 1268 878 1310 suum
901 1268 1015 1310 munus
1045 1248 1313 1329 ecclesiasticum,
1346 1255 1375 1316 et

223 1357 350 1442 cogitet,
375 1357 452 1421 satis
475 1356 538 1440 ipsi
561 1354 697 1418 multum
720 1353 824 1416 oneris
847 1352 1033 1434 impositum
1055 1375 1074 1416 a
1096 1351 1181 1434 Deo,
1216 1378 1276 1421 nec
1298 1379 1374 1441 opus

112 1475 114 1478 ’
224 1484 307 1541 esse,
339 1466 375 1526 ut
404 1483 515 1546 regum
547 1482 579 1524 se
613 1457 741 1542 neg0[V
749 1457 856 1540 iij]tiis
880 1457 1055 1522 immisceat
1076 1462 1237 1541 praeterea.
1287 1462 1376 1540 Quod

225 1568 252 1630 si
274 1567 407 1644 faceret,
432 1564 533 1630 Deum
557 1563 788 1641 immortalem,
821 1566 941 1645 quanta
963 1563 1110 1627 molestia
1132 1567 1165 1628 et
1186 1564 1374 1633 difficultate

222 1671 373 1736 liberaret
395 1672 558 1746 homines,
582 1671 769 1753 cogerentur
792 1667 858 1751 ejus
881 1667 1060 1752 exemplum
1083 1669 1204 1734 imitari
1220 1677 1375 1756 quotquot

224 1778 264 1841 ab
288 1799 323 1841 eo
347 1777 486 1861 pendent
515 1776 605 1858 eique
634 1777 709 1837 sunt
738 1773 882 1857 obligati.
928 1772 1041 1837 Multis
1073 1775 1264 1861 magnisque
1296 1779 1376 1843 curis

224 1885 260 1946 tu
283 1904 416 1965 quoque,
441 1881 553 1957 Caesar,
577 1879 729 1943 liberatus
752 1898 844 1954 esses,
868 1898 938 1959 quae
953 1899 1038 1941 nunc
1053 1882 1085 1942 te
1107 1880 1284 1948 sollicitum
1307 1884 1375 1948 red·

225 1987 323 2065 dunt,
358 2009 394 2051 eo
429 1986 513 2070 quod
545 1986 675 2068 propter
709 1981 934 2046 ecclesiasticas
971 1980 1139 2049 facultates
1173 1989 1273 2069 atque
1303 2009 1375 2072 opes

223 2114 341 2177 magna
363 2092 406 2155 sit
429 2091 512 2155 inter
536 2089 661 2154 ordines
684 2091 716 2151 et
739 2088 850 2152 acerba
873 2088 1045 2165 eontentio,
1070 2109 1140 2171 quae
1156 2091 1288 2173 quidem
1303 2114 1374 2177 opes

223 2198 258 2261 in
281 2199 350 2281 pios
373 2202 405 2261 et
428 2197 618 2262 necessarios
641 2216 716 2259 usus
739 2194 880 2258 converti
895 2193 1020 2269 debent,
1043 2193 1077 2256 in
1093 2194 1262 2262 ministros
1278 2197 1373 2276 verbi,

224 2303 259 2366 in
281 2302 413 2381 scholae,
437 2302 472 2366 in
493 2323 646 2386 pauperes
670 2305 703 2364 et
725 2300 866 2378 miseros,
890 2299 924 2362 in
941 2299 1053 2364 alenda
1064 2299 1245 2382 juventutis
1261 2303 1372 2368 studia.

791 2421 809 2460 *

223 2511 346 2575 bericht
368 2511 433 2574 und
456 2511 578 2594 bewegt
599 2510 735 2587 werden,
759 2510 803 2574 im
824 2509 879 2574 das
903 2509 1058 2590 schwerd,
1083 2510 1143 2574 mit
1166 2510 1320 2576 welchem
1342 2533 1373 2575 er

223 2638 257 2680 so
280 2616 324 2680 vil
347 2609 503 2700 unghicks
526 2615 722 2700 zhgerichtet
744 2614 817 2699 hat,
843 2615 1057 2700 abzirgiirten,
1082 2616 1234 2680 weiteren
1257 2618 1371 2703 unrath

223 2724 262 2786 zh
285 2721 483 2797 vermeiden,
507 2720 565 2783 wie
588 2741 620 2783 es
644 2720 728 2784 daun
752 2719 832 2784 auch
855 2719 922 2784 sein
945 2723 1021 2784 nutz
1044 2720 1110 2784 und
1132 2719 1264 2807 wulfart
1284 2743 1372 2800 were,

223 2847 315 2890 wann
339 2847 371 2889 es
402 2825 563 2910 geschehe.
609 2825 702 2889 Denn
729 2825 834 2911 gleich
857 2825 917 2890 wic
940 2826 994 2890 der
1017 2825 1100 2911 geitz
1123 2825 1190 2891 und
1213 2825 1264 2891 dis
1287 2826 1370 2892 welt-

223 2929 288 2993 lich
310 2929 483 3014 regimem,
518 2930 552 2993 in
576 2930 672 2994 dahin
695 2930 809 2994 bracht
836 2930 910 3008 hat,
947 2931 1002 2994 das
1024 2952 1099 2995 man
1122 2931 1157 2994 in
1179 2952 1243 2996 von
1268 2952 1370 3017 wegen

223 3035 325 3099 seiner
340 3036 547 3120 unstglichen
564 3036 743 3120 vilfaltigen
760 3036 1036 3120 mishaudlungen,
1061 3056 1117 3101 vor
1138 3035 1200 3100 den
1219 3037 1370 3122 gewissen

223 3140 395 3204 Endchrist
424 3140 533 3205 halten
565 3144 644 3206 mhs.
690 3141 768 3205 Also
801 3141 860 3205 ists
891 3141 972 3205 auch
1009 3140 1216 3226 unmoglich,
1253 3143 1308 3208 das
1340 3163 1370 3205 er

223 3243 253 3308 S.
270 3243 378 3308 Peters
402 3244 592 3329 nachvolger
615 3245 694 3308 imer
716 3244 806 3309 mehr
829 3245 896 3308 sein
912 3251 995 3330 mdg,
1020 3267 1053 3310 er
1069 3247 1191 3331 begebc
1204 3246 1276 3312 sich
1291 3247 1369 3311 dann

95 3385 100 3390 ·
223 3349 397 3413 widerumb
429 3353 467 3413 air
497 3351 615 3414 seinem
639 3349 725 3413 alten
749 3351 880 3434 vorigen
903 3353 993 3433 ampt
1014 3351 1080 3415 und
1102 3351 1237 3415 kirchen
1260 3352 1368 3428 dienst,

223 3454 288 3518 und
311 3454 468 3538 gedenck,
500 3455 621 3518 desim
645 3454 724 3518 eben
746 3458 837 3538 gnrlg
860 3454 960 3519 demit
983 3454 1129 3520 belblhen
1153 3456 1216 3535 ist,
1249 3478 1292 3521 on
1320 3457 1369 3521 das

223 3559 267 3623 im
290 3581 351 3624 von
374 3564 468 3625 nitteu
494 3560 548 3638 sei,
573 3559 667 3623 deren
683 3559 792 3644 Konig
807 3559 873 3623 und
889 3559 1081 3624 Potentaten
1096 3560 1293 3644 geschefften
1309 3560 1370 3626 sich

222 3667 261 3728 aii
284 3664 506 3729 undernemen.
553 3666 595 3729 Es
618 3666 747 3729 wtirden
779 3665 823 3729 im
854 3665 916 3729 alle
939 3667 1025 3730 seine
1047 3666 1210 3732 lehenleut
1233 3667 1299 3732 und
1321 3688 1370 3752 ge·

224 3770 385 3834 schworne
417 3771 613 3855 nachvolgeu
647 3766 795 3848 missen,
831 3771 897 3835 und
924 3766 1037 3836 'wfirde
1071 3771 1136 3836 also
1159 3770 1196 3834 Ε.
1222 3770 1267 3836 Μ.
1300 3771 1371 3836 aller

223 3868 317 3936 mlrhe
339 3874 404 3937 und
426 3875 528 3940 arbeit
550 3872 741 3959 dberhaben,
766 3898 800 3940 so
824 3876 859 3940 Ε.
877 3876 920 3940 Μ.
945 3878 1021 3941 umb
1037 3877 1119 3941 diser
1135 3876 1253 3942 sachen
1267 3877 1368 3942 willer

224 3977 289 4055 hat,
314 3979 419 4057 vorab,
441 4002 502 4047 rou
525 4002 634 4065 wegen
657 3982 712 4045 der
733 3981 929 4046 Restitution
953 3983 1019 4047 und
1041 3983 1207 4067 anlegung
1230 3983 1286 4047 der
1308 3982 1367 4046 kir-

224 4083 304 4148 chen
327 4079 427 4169 gliter.
475 4087 605 4152 Welche
637 4088 697 4152 den
727 4088 856 4152 rechten
888 4088 953 4152 und
984 4083 1196 4171 nothrfftigen
1226 4086 1367 4152 kirchen·

225 4189 381 4266 dieneren,
404 4193 443 4254 zh
466 4192 625 4256 zimlicher
640 4193 797 4258 ehrlicher
812 4193 1133 4277 under[57]haltung,
1156 4214 1228 4257 zum
1248 4192 1307 4257 teil
1321 4196 1368 4257 url-

224 4294 382 4378 gehtiren,
407 4296 472 4359 und
495 4297 556 4361 alle
579 4299 709 4377 andere,
739 4321 773 4364 so
798 4299 852 4363 der
873 4299 1007 4363 kirchen
1029 4298 1094 4363 und
1118 4297 1189 4363 dem
1213 4298 1305 4363 volck
1327 4295 1368 4361 nit

225 4398 347 4478 dienen,
372 4400 535 4465 derselben
558 4398 650 4487 ghter
673 4404 751 4468 eben
774 4427 809 4468 sc
825 4404 931 4489 wenig
953 4405 1045 4489 fahig
1067 4403 1149 4482 siml,
1173 4404 1221 4467 als
1244 4403 1295 4468 die
1316 4423 1367 4468 un·
