2850 5018
749 305 810 378 rm

200 492 353 555 statuere:
376 488 487 573 quodsi
505 487 682 551 Germaniae
704 487 748 565 sit
770 486 859 577 utilis
882 490 915 550 et
936 486 1085 552 salutaris
1107 486 1174 552 haec
1196 487 1355 565 doctrina,

199 617 263 659 non
287 615 380 677 posse
403 593 491 657 illam
515 614 578 656 non
603 615 669 656 esse
691 592 887 656 commodam
922 596 955 656 et
985 593 1194 657 necessariam
1218 613 1356 675 quoque,

199 721 262 764 non
286 699 350 762 tuis
374 698 466 761 modo
489 698 686 775 dicionibus,
721 718 828 761 verum
859 697 956 760 etiam
990 697 1051 761 toti
1080 703 1240 762 terrarum
1274 698 1357 764 orbi.

200 805 270 883 Qua
292 803 330 866 de
352 824 445 866 causa
467 801 693 885 Hispaniarum
725 824 778 865 rex
802 801 1037 881 derdinandus,
1072 824 1149 866 arus
1180 807 1256 867 tuus
1288 825 1356 868 ma·

199 911 325 986 ternus,
360 907 599 990 inquisitionem
623 906 713 971 iliam
736 907 930 985 instituerit,
967 912 1079 972 notum
1109 911 1175 983 est;
1210 929 1249 972 ea
1270 928 1353 974 nunc

199 1015 325 1080 sublata
347 1035 458 1091 causa,
494 1012 587 1076 debet
615 1013 711 1076 etiam
735 1013 855 1076 aboleri
878 1035 1006 1096 prorsus
1030 1012 1208 1097 inquisitio.
1258 1013 1357 1078 Recte

200 1119 327 1204 quidem
361 1122 392 1180 et
425 1116 569 1200 legitime
602 1117 667 1180 fuit
696 1121 849 1201 usurpata
877 1118 911 1180 in
935 1116 1125 1183 Christianae
1146 1118 1356 1201 professionis

200 1223 344 1288 homines
367 1220 566 1285 Judaismum
594 1226 778 1305 sequentes,
813 1244 922 1285 verum
952 1227 1068 1305 praeter
1096 1244 1225 1287 causam
1246 1227 1280 1288 et
1302 1247 1355 1290 rn-

200 1328 320 1392 tionem
343 1331 504 1390 exercetur
527 1327 560 1388 in
584 1347 645 1404 eos,
670 1327 723 1410 qui
745 1328 749 1408 Ι
770 1327 904 1410 cupiunt
926 1348 1095 1412 agnoscere
1118 1326 1300 1408 Christum,
1325 1333 1357 1394 et

199 1432 313 1498 falsam
348 1432 525 1494 doctrinam
560 1452 684 1494 omnem
720 1431 850 1495 student
883 1434 1010 1497 evitare.
1063 1431 1296 1514 Quamobrem,
1330 1435 1355 1498 si

201 1536 292 1620 regui
317 1535 365 1598 tui
388 1557 531 1620 proceres
553 1555 590 1598 ac
613 1535 738 1598 ordines
761 1557 796 1599 eo
819 1556 1001 1621 permovere
1023 1558 1146 1620 posses,
1181 1542 1219 1603 ut
1249 1560 1356 1603 emen-

201 1641 329 1704 daretur
352 1640 417 1717 illa,
441 1639 635 1723 permultum
659 1639 693 1702 in
716 1661 752 1702 eo
775 1662 851 1704 sane
873 1640 983 1707 feceris
1006 1642 1219 1725 pronominis
1234 1643 1355 1709 Christi

201 1745 304 1830 gloria
319 1748 351 1807 et
366 1744 576 1828 plurimorum
599 1743 710 1807 salute.
741 1743 826 1808 Nam
849 1745 885 1824 si,
910 1747 993 1829 quod
1016 1752 1065 1810 est
1087 1748 1121 1811 in
1138 1769 1175 1812 ea
1191 1748 1352 1839 vitiosum,

201 1871 263 1913 non
297 1849 446 1925 tollatur,
481 1849 683 1932 asperitatem
706 1849 739 1911 in
763 1870 796 1912 se
818 1850 914 1913 nimis
936 1850 1079 1933 profecto
1102 1874 1256 1937 magnam
1281 1874 1353 1918 eon·

200 1954 293 2031 tinet,
316 1976 352 2017 ac
374 1955 504 2033 omnino
527 1955 634 2030 talem,
657 1955 745 2038 cujus
768 1954 945 2038 exemplum
968 1955 1002 2018 in
1026 1956 1124 2020 nullis
1144 1962 1235 2022 extat
1250 1980 1356 2023 rerum

201 2059 426 2123 monumentis.

287 2163 405 2227 Eadem
428 2168 476 2227 est
499 2165 593 2246 plane
615 2164 697 2228 ratio
713 2164 748 2227 in
763 2169 819 2229 tua
834 2169 903 2230 tota
919 2165 1057 2251 Belgica,
1082 2167 1199 2250 quibus
1221 2169 1256 2232 in
1280 2168 1355 2233 loeis

202 2268 303 2332 multa
325 2269 457 2332 subinde
480 2267 563 2331 fiunt
585 2268 724 2346 decreta,
761 2271 875 2352 quibus
899 2276 1082 2336 coercentur
1113 2271 1283 2352 homines,
1317 2296 1355 2338 ne

201 2373 376 2438 doctrinam
400 2373 483 2437 hanc
504 2374 668 2458 recipiant.
700 2374 742 2438 Et
765 2397 828 2458 quo
850 2376 915 2440 fere
937 2381 1079 2459 tempore
1098 2378 1132 2441 in
1148 2375 1353 2443 Germaniam

770 2494 786 2532 *

201 2580 418 2658 undersassen,
442 2581 566 2646 solcher
581 2584 683 2667 gabon
699 2582 896 2668 theilhafftig
911 2584 1054 2662 macheu,
1077 2586 1143 2649 und
1158 2587 1352 2671 gedenohen,

201 2705 250 2747 wo
272 2685 409 2770 gemelte
431 2687 504 2764 lere,
528 2687 699 2752 'deutschen
723 2687 860 2766 Notion,
885 2693 944 2774 gat
966 2691 1031 2754 und
1055 2688 1191 2756 heilsam
1215 2694 1276 2772 ist,
1299 2693 1353 2757 das

201 2789 246 2853 sie
269 2791 319 2854 nit
340 2791 435 2856 allein
458 2791 494 2854 Ε.
511 2791 555 2855 Μ,
571 2791 762 2868 Erblanden,
787 2792 901 2855 sonder
923 2793 1003 2857 auch
1027 2795 1082 2858 der
1104 2799 1243 2880 gantnen
1266 2797 1351 2875 welt,

201 2895 352 2975 niitzlieh,
376 2895 538 2973 trostlich,
562 2897 626 2960 und
650 2897 722 2979 [18]
746 2896 938 2987 notdurfftig
960 2898 1027 2962 sein
1051 2921 1132 2963 mus.
1178 2899 1267 2965 Umb
1289 2923 1351 2965 was

201 2999 354 3063 ursaehen
380 3001 487 3064 willan
517 3002 695 3086 obgemelte
719 3000 933 3084 Inquisition,
965 3024 1026 3066 von
1051 3002 1085 3067 E.
1111 3004 1154 3068 Μ.
1185 3004 1352 3083 anberren,

202 3104 310 3189 Konig
329 3105 539 3183 Ferdinand0,
562 3107 773 3192 uffgerichtet,
797 3107 841 3171 ist
862 3107 996 3192 kundig,
1019 3105 1185 3173 Nachdem
1207 3111 1285 3174 aber
1306 3110 1355 3174 die

201 3208 316 3272 ursach
337 3210 486 3289 uflhdret,
511 3212 557 3275 sol
581 3212 632 3276 die
655 3212 849 3297 inquisition
865 3213 947 3276 auch
963 3213 1014 3278 nit
1029 3214 1118 3279 mehr
1134 3215 1212 3280 sein.
1245 3215 1353 3302 Gegen

201 3312 252 3376 die
274 3313 440 3394 Christen,
456 3336 490 3379 so
513 3317 553 3380 da
574 3315 765 3395 Jtidisehen,
797 3317 841 3381 ist
865 3318 909 3382 sie
932 3318 1023 3383 recht
1045 3321 1251 3405 angestellet,
1281 3321 1355 3386 aber

202 3437 301 3502 gegen
328 3420 387 3497 die,
410 3442 444 3484 so
467 3423 506 3485 da
528 3423 663 3507 begeren
686 3423 847 3488 Christum
871 3423 961 3488 recht
982 3427 1021 3487 zd
1043 3425 1224 3503 erkennen,
1255 3426 1356 3491 damit

202 3522 248 3586 sie
269 3522 337 3586 sich
360 3545 415 3587 vor
438 3526 538 3589 denen
560 3526 771 3592 Endchristen
795 3528 883 3591 desto
906 3528 962 3593 bas
984 3524 1083 3593 hdten
1113 3535 1246 3616 mbgen,
1282 3532 1356 3595 wirt

70 3676 77 3687 ,
202 3626 248 3690 sie
270 3628 425 3693 unbillich
448 3626 573 3715 getbet.
611 3632 674 3697 Wo
697 3656 741 3696 nu
765 3632 799 3696 Ε.
822 3632 865 3696 Μ.
890 3634 940 3697 die
962 3631 1061 3697 Stend
1083 3634 1180 3699 dahin
1203 3635 1353 3721 bewegen

203 3731 319 3811 mbcht,
343 3735 398 3798 das
421 3736 466 3799 sie
487 3737 662 3820 galindert,
690 3738 771 3802 auch
794 3738 883 3802 recht
905 3740 969 3801 und
992 3738 1141 3803 ffirmlich
1164 3742 1355 3827 angestellst

203 3838 266 3900 und
290 3839 440 3922 gehalten
463 3844 585 3921 wttrde,
618 3844 652 3906 in
675 3844 744 3908 dem
767 3843 823 3908 het
845 3842 880 3905 Ε.
905 3842 948 3906 Μ.
974 3843 1050 3907 umb
1074 3843 1187 3910 Gottes
1209 3846 1275 3909 und
1298 3845 1352 3909 der

203 3942 337 4006 warheit
358 3944 464 4008 willen
487 3968 546 4032 gar
569 3949 613 4012 vil
643 3949 772 4033 gethon.
817 3948 910 4012 Denn
941 3956 1032 4013 sonst
1059 3949 1117 4014 ists
1146 3950 1198 4014 ein
1231 3951 1352 4016 solcher

203 4045 353 4132 heswang
376 4051 439 4114 und
463 4052 680 4138 eigenthnmb,
705 4053 903 4138 desgleichen
926 4054 980 4117 nie
1001 4053 1133 4138 gehdret
1155 4054 1210 4120 ist.

289 4151 498 4239 Dergleiehen
530 4159 572 4221 ist
600 4159 679 4223 anch
712 4182 771 4222 von
798 4157 832 4221 Ε.
858 4158 900 4221 Μ.
925 4158 1015 4222 nider
1037 4157 1220 4224 Erblanden
1243 4162 1283 4225 ab
1304 4180 1351 4223 rc-

203 4254 280 4333 den,
304 4258 338 4320 in
361 4260 499 4324 walchen
523 4262 558 4325 Ε.
584 4262 627 4326 Μ.
653 4264 752 4327 neben
777 4263 914 4328 anderen
939 4263 1069 4347 vorigen
1092 4263 1267 4329 Mandaten
1289 4262 1352 4327 und

204 4360 357 4443 Edicten,
391 4366 447 4430 hat
480 4369 614 4433 newlicb
647 4392 705 4454 gar
737 4368 792 4434 ein‘
819 4369 934 4454 hehtig
956 4367 1089 4433 Mandat
1112 4366 1179 4433 dise
1200 4369 1277 4434 sach
1298 4368 1349 4432 be·
