2850 5018
686 317 748 378 242

144 486 365 571 magnitudine
389 486 520 551 dicionis
545 508 616 569 cnm
631 487 743 570 priscis
759 486 882 568 aliquot
897 486 1142 570 imperatoribus
1159 488 1293 555 conferri

144 613 208 656 non
232 595 368 677 poterat,
391 597 498 656 tamen
521 593 649 656 iterem
665 592 764 676 gessit
780 591 923 670 feliciter,
946 596 984 655 ut
999 592 1168 677 imperinm
1180 594 1293 660 Roma·

143 717 220 759 num
233 697 388 779 jenr.ante
399 697 572 780 collapsum
588 700 620 760 et
635 696 832 779 deperditum
847 717 1047 779 recuperasse
1063 698 1295 781 quodammodo

143 804 313 869 videretur.
354 803 406 869 Ab
421 805 515 888 hujus
531 803 653 868 familis
668 803 798 868 transiit
813 803 850 868 ad
863 801 1001 868 Saxones
1012 801 1154 868 Othones
1169 804 1295 888 imperii

42 966 48 971 .
143 908 293 993 dignitas,
304 913 335 973 et
343 909 398 992 qui
406 909 468 973 fuit
475 913 651 993 postremus
660 908 726 991 ejus
737 907 885 985 nominis,
894 907 1293 993 laudatissimusprinceps,

142 1012 201 1077 hoo
223 1013 375 1097 perfecit,
402 1016 439 1077 ut
461 1034 557 1097 penes
579 1016 722 1076 nostram
744 1015 872 1098 gentem
894 1016 927 1077 et
950 1013 1113 1078 nationem
1136 1013 1230 1079 hodie
1254 1014 1295 1078 sit

141 1124 281 1204 potestas
313 1120 439 1184 creandi
461 1118 618 1195 Oaesares3
653 1119 738 1202 quod
769 1117 874 1203 ipsum
905 1140 1029 1202 quoque
1058 1118 1172 1183 referri
1201 1119 1295 1184 debet

142 1225 320 1307 interires
344 1225 480 1288 maxime
503 1225 732 1289 memorabiles.
779 1223 821 1288 Et
855 1224 921 1289 haec
944 1225 1072 1309 quidem
1094 1228 1238 1309 potestas
1259 1224 1293 1288 in

141 1334 252 1395 nostro
275 1331 391 1415 populo
410 1331 477 1414 jam
499 1330 592 1395 haesit
614 1352 711 1415 supra
733 1332 927 1416 quingentos
949 1352 1050 1396 annos
1065 1329 1102 1394 in
1116 1329 1179 1394 hoc
1194 1350 1291 1412 nsque

140 1440 274 1519 tempus,
300 1456 361 1519 quo
385 1439 430 1513 tn,
454 1441 639 1519 procreatus
662 1458 698 1500 ex
722 1437 922 1506 nobilissima
943 1436 1125 1520 principum
1144 1433 1291 1499 Austris·

140 1561 248 1603 corum
272 1539 374 1617 domo,
398 1541 486 1604 brevi
509 1545 687 1624 temporum
710 1542 814 1626 spatio
832 1541 1010 1607 mirabilem
1027 1542 1061 1607 iu
1077 1541 1210 1605 modum
1225 1561 1288 1603 am·

140 1645 296 1729 plifioata,
320 1645 422 1710 factus
445 1668 477 1710 es
501 1645 622 1724 Caesar,
655 1668 719 1710 non
743 1668 781 1710 ex
804 1646 930 1730 imperii
954 1647 1081 1731 quidem
1105 1643 1289 1723 dicionibus,

140 1750 229 1832 cujus
253 1750 307 1814 vix
330 1752 474 1815 umbram
495 1750 665 1829 habemuS,
696 1772 805 1815 verum
834 1772 873 1814 ex
895 1754 951 1815 tuo
973 1750 1073 1833 ipsius
1095 1749 1288 1834 patrimonio

140 1859 172 1919 et
194 1855 288 1919 avitis
311 1856 559 1940 possessionibus
583 1856 679 1942 longe
700 1857 948 1939 potentissimus.
995 1855 1063 1932 Quo
1086 1856 1121 1920 in
1145 1859 1204 1919 tuo
1225 1875 1290 1919 ma-

140 1961 280 2045 gistratu
304 1961 563 2026 considerandum
594 1966 643 2026 est
672 1962 705 2025 in
736 1962 867 2045 primiS,
902 1967 939 2026 ut
971 1983 1037 2026 non
1069 1960 1169 2026 semel
1200 1959 1295 2024 antes

139 2066 285 2145 diximus,
309 2067 392 2149 quod
414 2067 481 2132 haeo
502 2072 570 2132 tam
592 2068 736 2145 illustris,
761 2090 856 2150 quam
880 2089 986 2132 coram
1009 2066 1163 2145 videmus,
1186 2086 1307 2130 rerum·

139 2172 300 2236 conversio
333 2171 446 2236 incidit
480 2170 513 2235 in
541 2171 633 2256 regni
654 2170 844 2255 imperiique
865 2172 915 2236 tui
948 2171 1170 2255 primordium.
1219 2168 1289 2245 Qus

139 2299 188 2341 res
212 2279 384 2360 prudenter
407 2279 587 2343 examinata
608 2299 742 2361 cumque
764 2277 961 2362 superiorum
977 2281 1160 2360 temporum
1175 2275 1288 2339 collatu

140 2381 293 2462 historiis,
316 2383 410 2448 fidem
433 2383 517 2448 haud
541 2383 634 2447 dubie
657 2382 763 2462 faciet,
787 2383 965 2449 instituisse
987 2381 1091 2447 Deum
1114 2384 1149 2444 te
1172 2377 1287 2444 Oaesare

139 2508 292 2571 magnum
331 2488 480 2572 quiddam
518 2492 550 2553 et
589 2487 811 2572 conspicuum,
851 2488 885 2552 in
922 2489 1005 2573 quod
1041 2490 1111 2551 tota
1146 2484 1288 2568 respiciat

138 2593 319 2675 posteritas.
387 2680 394 2694 .

705 2750 722 2788 *

136 2906 231 2988 [167]
257 2905 303 2969 La
326 2905 448 2990 dignito
471 2905 508 2968 de
529 2904 682 2987 l'Empire
704 2904 755 2968 sut
774 2905 971 2987 transportee
986 2904 1024 2967 de
1040 2925 1075 2967 33
1090 2903 1215 2968 familie
1231 2923 1285 2968 nux

137 3009 261 3074 Othons
285 3011 322 3074 de
345 3009 440 3088 Sane,
475 3015 506 3074 et
529 3011 558 3074 le
582 3010 705 3074 dernier
728 3010 822 3073 dece
845 3030 936 3087 nom,
970 3007 1081 3072 Priuce
1105 3009 1145 3072 de
1169 3008 1283 3094 grande

136 3117 281 3201 louange,
304 3116 341 3179 fit
363 3119 435 3180 tant
455 3138 517 3199 que
540 3116 635 3198 [168]
659 3116 691 3179 13
713 3116 876 3198 pnissance
900 3114 1007 3179 d'elire
1029 3114 1074 3178 les
1097 3112 1283 3198 Empereurs

135 3225 183 3284 est
205 3219 405 3305 aujourdhuy
428 3225 447 3285 &a
469 3243 547 3285 ceux
570 3222 608 3285 de
640 3223 748 3285 nostre
777 3225 855 3305 gent
886 3224 918 3283 et
948 3220 1068 3284 nation.
1105 3241 1139 3284 ce
1173 3219 1229 3302 qui
1256 3237 1284 3281 se

135 3326 202 3390 doit
223 3326 307 3389 aussi
329 3329 443 3390 mettre
466 3347 504 3390 en
528 3327 600 3390 date
623 3326 675 3390 des
699 3324 808 3389 choses
832 3325 1049 3389 memorablcs.
1089 3323 1182 3389 Ceste
1203 3323 1283 3409 puis·

135 3453 227 3495 sance
250 3454 269 3494 3
291 3431 374 3514 desjn
397 3433 541 3496 demente
564 3431 634 3516 plus
665 3432 702 3498 de
726 3431 765 3496 V.
794 3453 866 3495 cens
889 3452 946 3494 eus
970 3451 1008 3494 en
1033 3433 1142 3495 nostre
1166 3430 1283 3504 nation,

702 3604 719 3643 ss

136 3744 231 3825 [102]
255 3742 357 3808 Dela
380 3744 502 3809 familia
531 3745 617 3809 deste
647 3766 680 3808 se
710 3765 802 3827 passo
832 3744 864 3808 13
895 3742 1046 3827 dignided
1074 3743 1125 3807 del
1148 3742 1282 3830 Imperio

134 3848 222 3912 alos
246 3848 379 3914 Ottones
402 3849 532 3933 Duques
556 3850 593 3914 de
607 3848 753 3914 Saxonis.
777 3872 798 3933 y
822 3871 865 3912 un
888 3847 1122 3914 valerosissimo
1138 3849 1282 3933 Principe

135 3974 195 4035 qne
218 3952 271 4017 fue
294 3955 323 4017 el
345 3959 488 4036 postrero
512 3956 598 4020 deste
621 3954 762 4031 nombre,
787 3954 857 4018 hizo
880 3957 980 4031 tanto,
1008 3975 1069 4037 que
1090 3976 1131 4018 en
1156 3958 1282 4021 nuestrs

133 4063 228 4141 gente
250 4083 271 4143 y
294 4060 408 4124 nacion
431 4065 498 4124 ests
520 4061 550 4124 ei
572 4060 625 4125 dia
647 4060 685 4124 de
715 4080 756 4144 oy
780 4059 811 4122 13
842 4058 987 4142 potestad
1017 4058 1055 4122 de
1086 4060 1188 4144 elegir
1209 4059 1281 4124 Ern-

131 4165 311 4246 peradores:
337 4164 368 4227 lo
392 4164 466 4248 qual
489 4165 630 4230 tambien
653 4187 685 4229 se
708 4165 784 4228 deve
807 4169 917 4228 contar
938 4168 1027 4228 entre
1042 4164 1089 4228 133
1105 4171 1195 4231 cosa's
1210 4184 1281 4248 muy

133 4271 348 4334 memorables.
395 4270 426 4333 Y
449 4275 518 4334 esta
540 4271 685 4354 potestsd
714 4271 757 4334 ha
785 4291 827 4354 ι33
859 4291 920 4352 que
949 4292 982 4334 se
1014 4293 1168 4337 conserva
1196 4274 1280 4336 entre

132 4379 260 4438 nuestra
283 4380 378 4460 gente
401 4399 469 4440 mas
493 4378 530 4440 de
552 4378 734 4460 quinientos
757 4384 854 4440 arios:
