2850 5018
713 270 797 360 ’48

198 471 310 550 tiones,
333 492 395 554 quo
417 472 596 554 spectarent
620 474 652 535 et
675 474 828 553 quantam
851 471 955 532 essent
978 468 1077 552 ipsius
1100 491 1199 555 regno
1221 474 1255 535 et
1270 471 1352 536 aulae

198 577 315 642 cladem
340 575 488 653 allaturi,
522 575 632 638 statim
657 575 839 658 praesensit,
864 596 927 637 non
951 578 1017 638 tam
1040 575 1108 657 ipse
1131 596 1225 657 quam
1250 575 1350 659 ipsius

198 679 373 766 praeceptor
395 686 427 744 et
457 680 653 757 moderator,
683 680 725 756 is,
759 680 846 762 cujus
875 700 935 761 ope
966 683 998 742 et
1030 679 1163 742 consilio
1195 679 1349 767 sublaltus

198 786 314 864 humo,
354 786 388 848 in
425 786 549 847 tantam
587 807 619 848 sc
658 783 826 847 diffuderat
863 782 1112 866 amplitudinem.
1174 782 1263 848 Idem
1300 785 1351 851 hic

199 893 372 976 preceptor
408 887 673 970 consiliorumque
707 891 809 951 rector
841 888 904 951 alia
938 909 1061 970 quoque
1093 889 1242 971 praesidia
1274 891 1349 954 sub-

199 994 410 1072 ministrabat,
435 1016 451 1058 e
474 993 588 1076 quibus
611 992 690 1057 illud
713 999 761 1056 est
784 992 952 1056 admodum
976 993 1118 1070 illustre,
1151 995 1235 1076 quod
1259 1017 1350 1060 man-

200 1100 255 1164 dat
277 1098 475 1176 hominibuS,
506 1101 542 1162 ut
571 1119 635 1161 non
659 1096 751 1161 modo
774 1118 839 1160 non
861 1096 972 1182 legant
1003 1119 1131 1161 suorum
1154 1099 1349 1165 adversario·

198 1227 269 1269 rum
303 1204 419 1281 libros,
453 1203 661 1267 verumetiam
689 1224 729 1266 ne
757 1201 864 1266 Biblia
893 1202 1019 1284 quidem
1053 1203 1130 1287 ipsa.
1178 1204 1256 1280 Quis
1284 1203 1345 1281 hic,
1417 1207 1421 1220 '

199 1309 282 1389 cedo,
306 1313 415 1374 tantus
438 1312 485 1372 est
507 1307 620 1372 furor?
659 1307 856 1390 Scripturam
878 1307 985 1391 regius
1007 1306 1162 1391 propheta
1185 1311 1275 1394 vocat
1294 1308 1345 1371 lu·

199 1437 324 1480 cernam
346 1436 383 1478 ao
404 1412 501 1477 veluti
524 1413 625 1477 facem
649 1413 683 1477 in
706 1412 845 1476 tenebris
867 1414 1098 1494 praelucentem.
1140 1411 1232 1477 Hanc
1248 1413 1349 1495 ipsam

198 1519 299 1584 facem
322 1523 515 1605 praeeuntem
539 1518 640 1596 nobis,
665 1540 727 1601 qua
749 1517 837 1582 nullo
861 1541 1002 1602 unquam
1026 1523 1167 1601 tempore
1182 1540 1349 1601 possumus

200 1647 313 1704 carere,
337 1625 447 1689 multis
469 1629 544 1689 ante
566 1624 688 1688 saeoulis
711 1628 743 1687 et
765 1625 943 1688 extinxerat
967 1625 1037 1701 iste,
1061 1627 1093 1687 et
1115 1645 1201 1688 nuno
1222 1629 1349 1707 postea-

200 1750 293 1814 quam
318 1730 474 1815 singulari
496 1734 528 1794 et
551 1730 755 1795 inenarrabili
778 1731 930 1795 beneficio
954 1729 1013 1794 Dei
1035 1730 1136 1813 patris
1160 1729 1280 1794 iterum
1303 1734 1350 1794 est

199 1858 328 1901 accensa
351 1835 459 1914 uobis,
493 1836 594 1901 denuo
618 1841 749 1901 conatur
772 1837 918 1901 omnibus
950 1837 1051 1901 modis
1080 1836 1276 1920 deprimere,
1311 1859 1351 1900 ne

197 1940 317 2017 luceat,
340 1940 478 2023 adeoque
501 1940 570 2004 vult
593 1945 626 2005 et
648 1941 786 2018 mandat,
811 1945 848 2004 ut
870 1942 974 2025 ipsum
997 1946 1170 2024 sequantur
1191 1941 1349 2020 homines,

197 2066 256 2109 nec
279 2045 319 2108 ab
341 2044 408 2128 ejus
430 2045 578 2110 aberrent
601 2046 761 2131 vestigiis,
793 2046 919 2110 etiamsi
948 2047 1041 2110 ducat
1065 2046 1098 2111 in
1120 2046 1343 2130 praecipitium.

197 2149 249 2216 Sic
271 2150 357 2214 enim
380 2150 497 2215 habent
520 2153 587 2235 ejus
610 2151 733 2215 decreta
755 2151 848 2216 claris
872 2155 905 2215 et
926 2151 1052 2216 disertis
1074 2151 1188 2217 verbis.
1230 2150 1350 2226 Quam-

156 2283 162 2297 1
197 2257 251 2320 diu
274 2277 408 2341 regnum
431 2256 497 2339 ejus
519 2256 642 2334 floruit,
676 2256 757 2320 nihil
784 2261 853 2321 erat
878 2257 1042 2335 sollicitus,
1073 2278 1130 2321 nec
1156 2278 1298 2340 unquam
1322 2256 1352 2321 ei

199 2362 347 2427 veniebat
368 2362 402 2426 in
425 2366 573 2440 mentem,
607 2367 642 2427 ut
668 2384 764 2427 sacrae
786 2363 950 2446 seripturae
982 2363 1147 2427 lectionem
1177 2360 1350 2440 inhiberet,

198 2468 286 2552 cujus
309 2457 606 2551 interpretationem
636 2472 668 2532 et
704 2468 960 2552 dijudicationem
995 2488 1104 2532 omnes
1138 2465 1178 2530 ab
1200 2465 1270 2548 ipso
1294 2488 1351 2550 pe-

644 2596 647 2600 ’
764 2589 782 2626 lt

198 2673 270 2758 [22]
305 2675 389 2740 Tant
418 2698 479 2760 que
505 2698 562 2741 son
589 2698 686 2762 regne
708 2699 727 2740 a
748 2678 814 2741 este
837 2699 874 2743 en
902 2678 1001 2756 fleur,
1035 2676 1058 2740 il
1081 2698 1120 2739 ne
1146 2695 1177 2737 se
1203 2673 1349 2753 souoioit,

197 2782 231 2844 et
245 2799 285 2843 ne
300 2801 399 2862 pensa
416 2802 535 2863 onques
551 2781 588 2846 de
610 2780 757 2845 defendre
780 2782 811 2845 la
833 2782 951 2846 lecture
970 2782 1008 2845 de
1020 2779 1202 2845 l’Escriture
1213 2779 1347 2856 saincte,

197 2906 256 2968 par
271 2904 306 2948 oe
321 2906 382 2968 que
396 2888 468 2949 tous
495 2890 682 2970 reoevoyent
697 2907 754 2950 son
778 2887 1022 2971 interpretation
1035 2891 1067 2951 et
1077 2886 1173 2962 advis,
1196 2884 1343 2970 signam-

764 3009 781 3047 *

198 3095 292 3178 [136]
321 3095 461 3161 Mientra
487 3119 548 3181 que
574 3121 611 3162 su
627 3099 738 3182 lteyno
761 3098 895 3176 floreeia,
919 3117 961 3160 no
988 3096 1075 3160 tenia
1094 3099 1195 3159 temor
1222 3095 1260 3158 de
1288 3117 1349 3159 na-

198 3201 256 3279 da,
290 3202 324 3265 ni
347 3225 451 3267 nunca
474 3204 503 3266 le
525 3225 616 3286 passo
647 3225 706 3288 por
729 3204 757 3267 el
792 3202 1008 3286 pensamiento
1037 3200 1074 3264 de
1103 3200 1251 3264 defendet
1287 3222 1351 3283 que

199 3328 240 3371 no
256 3328 289 3371 se
314 3307 432 3392 leyesse
464 3308 496 3371 la
526 3310 660 3394 sagrada
686 3309 887 3393 Escriptura,
910 3328 1030 3391 porque
1052 3306 1142 3370 todos
1164 3305 1211 3370 los
1234 3327 1297 3388 que
1319 3306 1352 3370 la

199 3411 303 3496 leyan,
327 3434 387 3495 que
409 3435 484 3479 eran
509 3436 584 3499 muy
602 3435 705 3501 pocos,
729 3439 749 3500 y
773 3437 837 3480 aun
868 3436 936 3477 mas
965 3433 1058 3496 poeos
1083 3413 1131 3476 los
1163 3432 1224 3493 qne
1246 3411 1277 3475 la
1302 3416 1350 3476 te·

764 3536 781 3574 *

198 3623 310 3700 haret,
344 3622 408 3686 und
432 3622 609 3688 dermassen
635 3623 772 3689 erkanut
800 3625 860 3702 ist,
896 3624 951 3688 das
974 3646 1007 3688 er
1029 3645 1096 3686 nun
1119 3617 1281 3687 hinflirter
1304 3646 1347 3688 an

199 3728 303 3793 seiner
325 3727 541 3812 gewonlichen
563 3731 700 3813 rustung
723 3731 787 3793 und
819 3729 1009 3814 gegenwehr
1042 3728 1123 3792 selbs
1152 3728 1349 3792 verzweiflen

198 3837 278 3898 mlle.
323 3831 364 3896 So
387 3832 453 3895 will
477 3834 520 3896 im
544 3833 688 3897 dennooh
709 3856 770 3899 von
794 3838 890 3899 noten
913 3835 989 3911 sein,
1013 3833 1080 3896 will
1103 3855 1136 3897 er
1159 3833 1271 3897 audens
1297 3833 1349 3896 nit

198 3961 257 4027 gar
278 3936 431 4002 verlieren
456 3958 519 4001 was
542 3959 576 4001 er
597 3938 676 4003 noch
702 3933 811 4023 fibrigs
833 3939 914 4016 hatt,
937 3938 1002 4002 und
1024 3938 1079 4002 der
1101 3937 1176 4002 walt
1198 3941 1242 4002 air
1259 3941 1348 4020 spott

198 4044 333 4119 werden,
357 4043 471 4107 andere
493 4042 597 4108 mittel
620 4044 686 4107 und
708 4043 783 4107 hilff
802 4047 841 4108 ud
862 4043 990 4108 adchcn.
1037 4043 1101 4107 Das
1127 4043 1190 4108 lran
1215 4064 1248 4106 er
1272 4042 1349 4106 aber

198 4147 401 4226 meisterlich,
425 4148 489 4212 und
512 4147 569 4212 hat
592 4148 684 4212 einen
707 4148 845 4213 subtilen
870 4149 971 4227 Radt,
995 4149 1049 4212 der
1071 4148 1255 4233 anfenglich
1279 4149 1347 4212 sein

198 4254 417 4319 schdlmeister
438 4274 602 4339 genesen,
638 4254 704 4317 und
734 4254 767 4317 in
799 4254 970 4319 derhalben
997 4255 1062 4337 jetz
1084 4253 1117 4317 in
1141 4253 1195 4317 der
1218 4258 1277 4318 not
1300 4254 1351 4319 nit

199 4359 260 4428 wol
288 4361 444 4426 uerlassen
476 4358 549 4423 kan.
