2850 5018
684 339 746 399 212

138 511 281 593 praebent
303 509 455 592 speeiem,
490 530 561 585 cum
596 510 717 572 interea
746 507 956 573 nihilominus
988 515 1109 594 pestem
1141 515 1174 577 et
1206 513 1292 578 vims

139 615 420 699 praesentissimum
444 617 477 678 in
501 619 627 698 pectore
650 611 884 678 circumferant.

140 720 201 796 Qui
225 720 310 784 volet
333 720 433 803 igitur
449 721 590 784 nativam
605 719 792 802 pontificum
809 718 948 783 indolem
964 742 1162 807 cognoscere,
1188 724 1290 788 solum

138 825 301 889 intucatur
323 830 354 888 et
376 826 438 888 sibi
461 828 619 909 proponat
642 845 703 901 eos,
733 845 811 906 quos
833 824 970 888 vidimus
992 827 1056 910 ipsi
1078 831 1111 891 et
1135 828 1290 892 novimus.

226 929 344 994 Verum
370 931 496 1012 quidem
519 935 567 993 est
596 928 692 1005 illud,
726 950 791 993 non
814 927 912 993 fuisse
928 951 1042 994 omnes
1065 935 1132 996 tam
1155 932 1290 998 furiosos

137 1040 170 1100 et
192 1039 332 1099 amentes
355 1034 533 1112 bellatores,
557 1056 652 1116 quam
675 1033 739 1097 fuit
758 1032 874 1112 Julius,
898 1038 965 1098 tam
988 1036 1129 1120 perditos
1145 1037 1180 1100 in
1203 1039 1291 1102 omni

138 1162 253 1225 genere
275 1141 449 1225 voluptatis
472 1144 505 1204 et
527 1139 705 1218 libidinum,
730 1162 826 1223 quam
841 1139 905 1204 fuit
919 1140 992 1220 Leo,
1017 1163 1081 1205 non
1097 1164 1207 1208 omnes
1224 1148 1289 1208 tam

136 1247 307 1330 insigniter
324 1245 458 1329 perfidos
477 1248 509 1309 et
524 1244 702 1322 sceleratos
726 1267 822 1328 quam
838 1245 902 1309 fuit
917 1246 1070 1325 Clemens,
1095 1251 1165 1312 tam
1181 1271 1291 1314 avaros

137 1358 168 1417 et
190 1357 353 1429 versutos,
388 1375 483 1436 quam
506 1356 555 1416 est
577 1351 695 1415 Paulus
715 1351 842 1422 tertius.
890 1351 1011 1416 Verum
1037 1357 1085 1417 est
1116 1353 1224 1435 istud,
1260 1360 1291 1420 et

137 1459 265 1543 largior,
288 1457 342 1521 secl
366 1455 445 1521 illud
469 1456 598 1540 probari
622 1458 728 1540 potest
750 1459 846 1538 atque
870 1456 983 1534 doceri,
1004 1457 1070 1540 jam
1093 1457 1169 1522 inde
1191 1459 1233 1524 ab
1255 1481 1290 1524 co

136 1568 287 1647 tempore,
312 1577 374 1644 q'uo
397 1562 613 1646 principatum
636 1562 670 1625 in
693 1561 838 1625 ecclesias
861 1561 1085 1640 obtinuerunt,
1111 1563 1199 1647 ipsos
1223 1586 1288 1628 om·

138 1690 207 1733 nem
233 1667 355 1752 ingenii
377 1667 442 1729 vim
461 1664 497 1747 [S
509 1665 559 1748 iij]
583 1669 678 1747 atque
701 1666 910 1750 cogitationes
933 1687 969 1730 eo
991 1665 1175 1743 contulisse,
1199 1671 1289 1732 utet

137 1774 250 1837 falsam
274 1770 451 1834 doctrinam
475 1776 506 1834 et
528 1771 643 1854 impios
665 1771 769 1834 cultus
793 1771 977 1849 excitarent,
1002 1776 1034 1835 et
1055 1771 1172 1836 fierent
1194 1794 1289 1855 quam

138 1877 389 1961 locupletissimi,
412 1879 444 1940 et
459 1875 622 1958 splendide
638 1875 868 1960 magnificeque
878 1877 1030 1956 viverent,
1047 1881 1079 1941 et
1094 1877 1290 1960 imperarent

138 1985 304 2061 omnibus,
327 1986 360 2046 et
382 1982 461 2045 fines
483 1981 703 2064 dicionemque
724 2003 814 2045 suam
836 1981 1088 2065 amplificarent,
1122 1988 1156 2047 et
1178 2005 1289 2069 regum

136 2089 379 2174 principumque
401 2090 592 2170 potestatem
615 2086 840 2150 imminuerent
860 2109 896 2151 ac
911 2087 1127 2152 debilitarent.
1158 2087 1290 2154 Probari

135 2198 268 2278 possunt
288 2194 359 2270 ista,
383 2193 463 2269 dico,
486 2192 588 2255 sedet
610 2191 699 2268 illud,
727 2192 923 2276 temporibus
946 2214 998 2256 eos
1021 2214 1089 2257 esse
1110 2192 1214 2258 factos
1237 2195 1288 2259 de·

134 2299 275 2378 teriores,
298 2299 374 2363 adeo
398 2297 535 2381 quidem,
559 2299 604 2372 ut,
627 2296 774 2360 humanae
796 2296 890 2360 sortis
905 2296 1008 2374 obliti,
1031 2296 1157 2362 diuinos
1173 2321 1287 2383 prope·

135 2406 263 2470 modum
285 2404 419 2468 honores
442 2405 474 2466 et
495 2401 606 2466 titulos
630 2423 695 2465 non
718 2401 785 2466 sint
807 2402 985 2486 aspernati,
1021 2401 1105 2486 quod
1127 2402 1201 2467 luce
1223 2426 1286 2468 me·

704 2521 722 2558 *

135 2617 175 2681 ob
198 2615 317 2679 siccin
340 2612 521 2678 mitleidens
545 2610 665 2688 hetten,
689 2631 724 2674 so
747 2610 791 2674 sie
813 2609 892 2674 doch
916 2611 959 2674 im
976 2611 1106 2677 hertzen
1121 2613 1199 2678 eitel
1215 2613 1287 2700 gifft

135 2721 199 2785 und
221 2719 442 2803 verbitterung
465 2717 666 2800 umbtragen.

221 2824 367 2889 Welcher
396 2846 462 2887 nun
495 2823 545 2886 ‹lie
578 2821 684 2886 rechte
716 2825 766 2884 art
796 2821 889 2886 deren
915 2822 1016 2888 Basse
1036 2825 1199 2889 erkennen
1222 2826 1284 2904 wil,

135 2933 188 2996 der
210 2931 284 2995 sehe
307 2952 368 2993 nur
391 2952 441 3008 an,
465 2929 515 2993 die
536 2927 736 3011 obgemelten
760 2928 835 3006 vier,
859 2949 893 2992 so
913 2928 963 2992 bei
978 2951 1074 2993 unser
1088 2931 1152 2994 neit
1166 2931 1281 3014 gelebt.

135 3035 187 3100 Sic
209 3036 281 3099 siml
304 3034 365 3098 alle
387 3033 455 3098 auff
475 3034 566 3098 einen
590 3032 679 3097 leiste
702 3034 859 3118 gemacht.

133 3141 176 3205 Es
200 3141 243 3205 ist
264 3141 326 3204 wol
349 3162 423 3216 war,
448 3140 502 3204 das
525 3139 570 3202 sie
592 3139 642 3203 nit
664 3139 851 3203 allesolche
866 3138 958 3201 wilde
973 3137 1050 3202 tolle
1065 3139 1204 3226 kricger,
1227 3144 1285 3207 wie

134 3245 249 3322 Julius,
273 3244 313 3309 So
335 3248 432 3329 ganta
454 3244 487 3307 in
511 3244 589 3308 aller
613 3244 741 3308 wollnst
764 3244 816 3308 des
840 3243 917 3307 leibs
940 3243 1105 3322 erseuffet,
1128 3248 1189 3312 wie
1213 3249 1285 3326 Lac,

134 3349 195 3413 Nit
217 3349 279 3415 alle
301 3372 336 3413 so
359 3350 526 3434 aiglistige
550 3349 671 3428 Bilben,
696 3349 755 3413 wic
772 3350 926 3425 Clemens,
951 3347 992 3412 So
1015 3370 1125 3433 grosse
1147 3353 1285 3436 gleisner

136 3455 199 3518 und
224 3455 297 3537 [45]
313 3455 372 3519 mit
388 3456 471 3539 geita
486 3454 683 3530 verstricket,
709 3455 768 3517 wie
783 3453 911 3530 Paulus,
935 3474 1078 3537 gewescn
1095 3456 1179 3535 sind,
1202 3457 1287 3522 Aber

134 3561 181 3623 dis
204 3561 266 3624 kan
291 3582 365 3623 man
388 3561 496 3644 zeigen
520 3560 584 3622 und
607 3560 763 3635 darthun,
794 3581 829 3622 so
851 3558 925 3623 bald
948 3559 994 3622 sie
1016 3559 1098 3624 nach
1121 3561 1193 3625 dem
1216 3562 1286 3626 Pri-

134 3671 200 3729 mat
223 3667 410 3750 getracbtet,
435 3665 499 3728 und
522 3665 690 3730 desselben
715 3666 842 3749 erlangt
863 3665 987 3742 haben,
1012 3664 1067 3728 das
1090 3665 1211 3730 seither
1234 3667 1287 3731 der

133 3771 206 3834 zeit·
218 3769 347 3852 (welche
370 3771 430 3834 ieta
454 3765 531 3834 liber
554 3771 604 3834 die
626 3771 850 3835 neunhundert
869 3771 921 3853 jar
935 3771 992 3854 ist)
1009 3770 1072 3834 irer
1088 3770 1169 3835 aller
1184 3793 1285 3836 wesen

133 3875 198 3938 und
221 3875 424 3958 gedanckcn,
459 3875 617 3938 entwedcr
646 3879 683 3938 21⁰1
706 3873 951 3959 auffwickelung
973 3875 1060 3941 einer
1084 3897 1195 3941 newcn
1218 3876 1285 3941 Ab·

133 3979 314 4064 gottischeu
334 3981 407 4058 lere,
432 3981 506 4043 oder
521 4003 592 4043 zum
607 3981 700 4065 geita,
724 3980 850 4058 hoffart,
876 3980 989 4045 bracht
1004 3981 1069 4044 und
1085 3983 1284 4066 tyranneien,

133 4085 212 4148 auch
235 4088 273 4149 uri
297 4089 523 4168 ergr‘osscrung
546 4085 610 4148 irer
632 4084 695 4148 hab
717 4085 783 4148 und
806 4079 908 4169 gfiter,
933 4089 970 4149 zu
992 4085 1206 4171 erweiternng
1225 4087 1284 4151 ires

132 4189 254 4273 gebiets
287 4189 351 4252 und
382 4188 613 4266 Jurisdiction,
649 4188 849 4273 dergleichen
885 4211 939 4251 aur
975 4189 1191 4276 schwiichung
1221 4191 1283 4255 und

134 4294 386 4376 untertruckung
409 4295 503 4358 deren
526 4293 713 4357 weltlichen.
730 4294 939 4372 Potenteten‚
971 4295 1129 4374 imcrdar,
1153 4297 1235 4362 auch
1256 4297 1283 4360 ie

27 4440 30 4444 -
133 4401 241 4483 lengcr
264 4400 292 4462 ic
315 4400 424 4478 mehr,
448 4400 605 4485 gerichtet
627 4422 769 4486 genesen
793 4401 874 4480 sind,
898 4400 973 4464 Unel
995 4401 1197 4484 dermussen,
1230 4401 1281 4466 das
