2850 5018
683 334 745 399 110

223 508 265 575 Et
287 532 469 594 quanquam
491 509 559 574 haec
578 509 686 574 omnia
710 508 787 574 estis
810 509 934 586 consti,
962 511 1068 571 tamen
1093 530 1158 572 non
1184 507 1285 592 potuit

135 638 201 682 esse
215 621 307 680 tanta
317 621 420 681 vestra
436 615 612 701 diligentia,
637 616 715 698 quin
730 615 780 678 illi
794 613 880 696 v0[H
891 613 1005 696 iiij]bis
1021 617 1053 676 et
1068 614 1241 678 scientibus
1256 619 1286 678 et

134 721 376 805 inspicientibus
399 724 583 797 crescerent,
608 725 639 784 et
661 742 746 784 nunc
770 720 803 782 in
825 741 898 783 eum
922 719 988 782 sint
1011 719 1201 803 amplificati
1222 741 1286 783 mo·

134 827 219 903 dum,
242 830 279 890 ut
301 826 397 889 etiam
421 827 454 905 ii,
479 827 534 910 qui
556 827 697 890 nondum
714 847 746 890 se
761 824 994 907 conjunxerunt
1010 845 1082 887 cum
1094 824 1184 907 ipsis,
1207 826 1286 889 male

134 931 172 995 de
193 931 282 994 vobis
305 934 337 995 et
359 932 464 995 minus
487 932 636 1015 praeclare
666 932 815 995 sentiant
861 930 1044 994 Abhorrent
1066 953 1086 994 a
1108 931 1199 994 vobis
1221 931 1285 1015 ple-

133 1037 224 1120 rique
246 1058 373 1113 omnes,
407 1040 439 1100 et
472 1036 547 1100 mali
570 1037 687 1100 ominis
710 1058 782 1100 aves
804 1057 860 1099 vos
884 1057 950 1099 esse
973 1038 1099 1117 putant.
1146 1034 1226 1098 Cum
1249 1036 1286 1100 ad

133 1142 261 1207 comitia
283 1142 405 1226 legatos
428 1141 568 1218 mittitis,
594 1141 642 1205 illi
665 1141 710 1205 sic
733 1141 949 1225 accipiuntur,
983 1144 1018 1203 ut
1050 1137 1145 1204 facile
1168 1141 1285 1204 intelli-

135 1251 236 1332 gant,
271 1247 408 1311 multum
438 1248 553 1311 veteris
585 1248 672 1310 illius
701 1251 733 1312 et
764 1247 962 1311 auctoritatis
993 1249 1025 1310 et
1056 1246 1171 1330 gratiae
1198 1247 1284 1310 vobis

132 1353 273 1436 periisse.
320 1350 401 1426 Quid
432 1352 519 1416 vobis
548 1355 596 1415 est
627 1352 743 1430 animi,
778 1372 849 1416 cum
873 1353 935 1415 ista
957 1351 1158 1415 recitantur?
1199 1349 1283 1414 Num

132 1461 223 1521 vetus
245 1457 325 1520 illud
348 1460 380 1520 et
403 1457 492 1520 vobis
515 1457 801 1521 familiarissimum
817 1479 872 1521 vos
888 1457 1080 1533 consoletur,
1104 1457 1188 1520 illud
1208 1457 1284 1532 dico,

133 1562 216 1645 quod
240 1561 400 1625 Honorius
424 1561 511 1645 Papa
533 1562 557 1625 F
558 1562 692 1626 riderico
708 1562 843 1626 secundo
860 1562 972 1626 Oaesari
991 1563 1107 1626 dicitur
1124 1562 1285 1626 nuntiasse

134 1666 312 1750 quondam:
346 1667 462 1751 agitari
493 1668 620 1751 quidem
650 1690 740 1752 posse
769 1667 948 1732 naviculam
971 1667 1059 1732 Petri
1083 1667 1235 1731 fluctibus
1258 1671 1287 1730 et

137 1772 241 1850 undis,
266 1793 329 1836 non
346 1773 442 1836 etiam
457 1775 596 1858 opprimi
612 1776 677 1837 —?
708 1774 826 1839 Verum
842 1774 967 1857 quidem
983 1777 1031 1837 est
1054 1771 1151 1850 istud,
1175 1771 1230 1835 sed
1252 1771 1284 1849 is,

134 1877 190 1960 qui
213 1877 390 1941 naviculam
420 1878 502 1943 hanc
533 1880 708 1964 gubernat,
745 1880 821 1943 adeo
852 1901 906 1943 vos
937 1879 1140 1942 vehementer
1171 1876 1287 1941 invasit

136 1988 167 2047 et
190 1984 354 2068 corripuit,
377 1990 413 2049 ut
432 1986 545 2050 merito
560 1987 603 2050 sit
618 1986 841 2070 trepidandum
857 1985 945 2049 vobis
962 1988 993 2047 et
1007 1982 1283 2065 expavescendum.

133 2088 168 2155 Si
188 2090 285 2154 vestri
308 2089 480 2155 adversarii
503 2091 548 2156 sic
569 2096 698 2176 possent
722 2114 741 2155 a
764 2091 852 2155 vobis
875 2089 1025 2168 coerceri,
1057 2087 1162 2151 solum
1192 2091 1229 2149 ut
1251 2107 1285 2149 er

702 2212 720 2249 *

133 2294 175 2362 So
197 2298 276 2362 hat¹
301 2300 380 2363 euch
402 2298 465 2364 Got
488 2301 572 2365 das2
595 2301 628 2364 in
651 2302 725 2365 sinn
748 2300 868 2385 geben,
893 2299 948 2362 das
970 2297 999 2360 ir
1023 2296 1068 2360 sie
1091 2296 1153 2359 mit
1174 2294 1283 2359 schen-

133 2403 193 2468 den
218 2425 320 2488 eugen
345 2404 464 2470 hsbent
486 2407 588 2470 lassen
612 2410 764 2471 zdnemen
788 2404 853 2468 und
882 2403 1114 2479 auffwachsen,
1150 2401 1217 2464 und
1246 2401 1285 2462 ist

132 2530 199 2573 nun
222 2508 320 2573 dehin
344 2511 469 2588 komen,
495 2511 549 2576 das
572 2535 646 2575 man
671 2534 752 2576 ewer
776 2512 824 2575 nit
848 2510 938 2574 mehr
959 2508 1076 2573 achtet.
1112 2505 1183 2570 Auf
1204 2507 1283 2570 allen

132 2617 240 2679 drtern
264 2616 329 2678 und
351 2615 558 2695 beikunften,
588 2617 711 2681 daron
735 2618 824 2681 disen
847 2616 962 2680 sachen
985 2613 1159 2700 gehandelt
1182 2611 1283 2687 wirdt,

133 2719 221 2782 seind
245 2720 273 2783 ir
295 2727 506 2806 onangentim,
530 2721 610 2786 auch
634 2722 685 2786 bei
709 2723 829 2799 denen,
852 2722 902 2784 die
926 2720 996 2784 sich
1017 2740 1099 2783 ewer
1122 2716 1207 2791 noch
1230 2738 1283 2780 an·

133 2847 256 2890 nemen.
303 2825 378 2890 Man
401 2827 503 2890 haltet
525 2827 602 2892 euch
627 2823 678 2891 fur
702 2825 925 2912 ongltickliche
948 2824 1049 2909 vdgel,
1077 2823 1128 2887 die
1150 2823 1284 2885 nimmer

132 2931 206 2996 kein
230 2931 328 2996 sehdn
351 2936 461 2996 wetter
483 2933 607 3017 singen.
654 2932 731 2997 Man
754 2933 869 2996 heisset
893 2931 971 2995 euch
996 2929 1120 2993 dermes
1145 2927 1282 3001 wilkom,

132 3036 198 3100 und
220 3036 291 3121 gibt
314 3035 392 3099 euch
414 3037 500 3100 s01ch
524 3035 718 3099 freundtlich
750 3036 886 3121 geberd,
922 3036 976 3099 das
1008 3034 1036 3097 ir
1059 3037 1131 3097 adm
1154 3032 1282 3095 zweiten

132 3142 197 3205 mal
219 3141 271 3204 nit
293 3140 465 3205 widerumb
489 3141 628 3205 koment.
675 3141 732 3204 1111
758 3141 888 3205 wdllent
917 3140 977 3204 den
1000 3137 1203 3202 Richterstdi
1234 3136 1283 3198 be·

133 3247 251 3324 sitzen,
285 3246 349 3310 und
374 3249 516 3310 mussent
538 3246 618 3309 doch
641 3246 782 3310 heraber.
829 3245 953 3309 Vorhin
985 3244 1082 3329 gieng
1111 3265 1186 3306 man
1210 3240 1283 3305 euch

132 3352 193 3416 mit
207 3351 320 3416 Creutz
335 3351 400 3413 und
416 3351 477 3414 mit
493 3350 600 3414 Fauen
617 3355 785 3436 entgegen,
809 3355 880 3435 yetz
902 3348 987 3413 sihet
1009 3370 1083 3411 man
1107 3345 1187 3411 euch
1210 3342 1283 3410 dher

133 3456 184 3520 die
203 3455 307 3520 achsel
329 3478 370 3518 an
396 3453 499 3518 ⁸G0u
521 3455 576 3519 der
598 3455 672 3518 herr
695 3459 768 3541 ssgt
790 3459 828 3520 ad
852 3455 958 3518 seinen
971 3454 1121 3536 jtingern,
1147 3451 1198 3515 die
1216 3451 1284 3514 weit

132 3556 239 3626 wdrde
259 3561 304 3624 sie
336 3560 466 3639 hassen,
502 3561 651 3638 darumb,
686 3562 740 3624 das
771 3561 817 3624 sic
839 3561 889 3624 nit
911 3582 972 3623 von
996 3560 1051 3622 der
1073 3558 1149 3622 welt
1173 3577 1282 3621 weron.

134 3667 220 3733 Aber
243 3666 304 3729 mit
326 3666 404 3730 euch
427 3665 500 3728 hats
522 3665 600 3729 eben
624 3665 680 3730 das
703 3666 897 3749 niderspiel,
928 3664 985 3728 lhr
1015 3663 1103 3726 seind
1128 3661 1282 3726 weltliche

132 3772 245 3836 kinder
278 3772 341 3836 und
371 3771 514 3835 dennoch
548 3771 636 3835 seind
672 3772 701 3835 ir
733 3772 781 3835 bei
813 3771 867 3834 der
888 3772 964 3834 welt
996 3769 1043 3832 nit
1067 3769 1131 3832 fast
1154 3767 1282 3853 geliebt.

133 3878 198 3943 Das
220 3880 263 3941 ist
281 3878 316 3960 ja
334 3878 403 3941 eine
419 3878 550 3941 selsame
566 3878 785 3961 vertuderung
796 3875 817 3940 ³.
849 3875 984 3939 Hettent
999 3874 1044 3938 irs
1061 3895 1116 3936 vor
1132 3872 1283 3954 zwentzig

131 3984 220 4068 jaren
244 3983 425 4068 gemeinet?
470 3982 576 4046 Wenu
607 4004 706 4046 ewere
728 3981 877 4046 Oratores
910 3979 989 4044 ench
1022 3979 1128 4042 solche
1159 3979 1284 4060 zeitung

132 4087 358 4164 adschreibeu,
392 4087 468 4150 oder
497 4085 676 4150 miindtlich
703 4087 849 4162 erzdlen,
883 4084 943 4147 wie
966 4083 1008 4146 ist
1031 4082 1110 4146 euch
1133 4087 1172 4148 111
1196 4083 1282 4146 1111111

135 4195 208 4277 [71]
232 4191 440 4257 Vermeinent
461 4189 506 4253 irs
528 4194 609 4255 etwa
630 4191 735 4255 besscr
767 4193 807 4256 nd
837 4187 963 4252 haben?
1009 4186 1074 4252 Das
1095 4188 1214 4253 sollent
1235 4187 1283 4250 ihr

206 4417 318 4474 lDoch
335 4417 409 4472 hats.
479 4415 587 4470 cfehlt
605 4415 665 4471 das.
736 4416 849 4471 3fchlt
866 4419 883 4472 3
901 4415 944 4470 bis
963 4417 987 4472 3.
