2850 5018
746 354 809 418 216

199 530 308 594 larunt
331 527 438 593 omnia
459 527 612 593 salutaria
634 528 766 605 decreta,
790 548 892 611 neque
915 528 1014 611 pudet
1036 549 1105 605 eos,
1138 525 1221 590 nihil
1244 546 1353 592 eorum

199 634 375 710 observare,
397 654 455 696 nec
477 633 509 696 id
532 633 634 710 modo,
658 633 711 697 sed
735 633 916 718 gloriantur
938 633 1052 711 etiam,
1075 631 1136 697 hoc
1157 632 1273 712 licere,
1296 653 1352 716 ne·

200 759 259 821 que
282 757 373 821 posse
396 738 480 821 ipsos
502 737 576 801 ullis
600 738 755 821 majorum
778 760 905 803 suorum
929 739 1054 823 legibus
1076 739 1233 824 astringi,
1270 741 1353 823 quod

199 865 257 926 par
279 843 312 905 in
337 863 444 924 parem
467 841 588 905 nullam
610 842 726 906 habeat
750 846 954 924 potestatem
977 842 1092 907 idcirco
1114 842 1253 907 liberum
1275 844 1351 928 ipsis

200 951 231 1012 et
253 947 416 1032 integrum
439 969 523 1024 esse,
559 952 678 1012 veteres
700 948 871 1032 abrogare,
906 952 1003 1032 atque
1024 948 1148 1012 sancire
1171 969 1290 1028 novas,
1322 951 1353 1014 id

71 1082 74 1086 ⁴
107 1143 110 1148 A
200 1053 283 1136 quod
307 1052 477 1135 diligenter
500 1055 532 1115 et
554 1052 693 1116 studiose
714 1051 859 1116 fecerunt
887 1053 992 1116 etiem.
1040 1053 1235 1135 Quocunque
1266 1056 1351 1119 enirn

200 1159 285 1241 ipsos
308 1159 415 1241 rapuit
437 1158 581 1235 avaritia,
604 1157 706 1221 fastus
730 1162 762 1221 et
784 1157 934 1235 ambitio,
967 1178 1032 1221 non
1056 1161 1131 1221 sunt
1154 1158 1267 1238 veriti,
1301 1160 1353 1225 de-

200 1266 322 1327 cretum
345 1263 489 1345 aliquod,
524 1263 664 1346 ipsorum
687 1264 958 1328 accommodatum
979 1262 1164 1341 affectibus,
1199 1263 1293 1328 edere
1323 1270 1355 1331 et

201 1368 331 1433 sancire.
379 1370 455 1446 Quae
478 1390 554 1433 sane
577 1391 626 1433 res
650 1389 706 1434 nee
729 1368 851 1433 laudari
873 1372 979 1452 potest
1001 1389 1058 1432 nee
1079 1363 1249 1456 toleretil

287 1473 371 1538 Nam
395 1473 478 1557 quod
501 1473 672 1551 affirmant,
697 1495 754 1557 pro
776 1473 898 1537 ratione
919 1477 1098 1556 temporum
1122 1473 1243 1537 mutari
1264 1495 1354 1557 posse

201 1579 308 1664 leges,
341 1579 473 1642 minime
491 1580 583 1662 juvat
605 1600 733 1665 oausam!
752 1579 902 1661 ipsorum.
948 1577 1019 1643 Hoc
1041 1577 1126 1641 enim
1150 1577 1190 1642 ad
1225 1578 1353 1662 politica

203 1686 304 1749 solum
328 1683 439 1748 referri
462 1683 564 1762 debet,
588 1705 654 1747 non
678 1684 773 1748 etiam
796 1685 835 1747 ad
858 1683 1034 1748 doctrinam
1058 1682 1236 1768 religionis.

202 1787 275 1853 Jam
298 1809 388 1864 vero,
419 1809 488 1869 quae
511 1788 577 1852 sint
599 1788 703 1852 officia
725 1788 924 1852 sacerdotum
949 1791 979 1852 et
1003 1787 1243 1871 episcoporum,
1279 1809 1354 1872 quo·

203 1893 294 1957 modo
310 1890 475 1966 familiam,
491 1913 620 1956 uxorem
636 1896 668 1956 et
686 1892 802 1957 liberos
817 1893 994 1976 gubernare
1010 1892 1154 1969 debeant,
1179 1914 1277 1976 quarn
1292 1914 1353 1958 non

202 2000 347 2081 oporteat
369 2018 420 2061 eos
444 1997 519 2060 ullis
542 1997 634 2061 rebus
657 2002 747 2062 extra
769 2019 884 2062 munus
905 1997 1152 2062 ecclesiasticum
1171 1996 1352 2076 immisceri,

204 2124 300 2184 quam
323 2101 431 2165 deceat
453 2122 504 2164 eos
528 2121 595 2164 esse
618 2106 754 2165 remotos
778 2101 817 2165 ab
840 2102 927 2165 ornni
942 2101 993 2166 vel
1008 2103 1185 2186 suspicione
1201 2103 1352 2182 avaritiae,

127 2276 129 2280 ἲ
201 2206 344 2270 lihidinis
367 2209 398 2270 et
421 2205 538 2269 sordidi
571 2212 730 2288 quaestus,
766 2206 832 2271 haee
864 2207 993 2290 inquam
1026 2207 1133 2272 omnia
1164 2212 1243 2274 sunt
1274 2209 1353 2273 clare

203 2311 299 2376 sacris
321 2310 437 2375 litteris
460 2331 616 2393 expressa.
664 2310 754 2387 Quod
786 2315 890 2375 autem
924 2312 1006 2375 nihil
1035 2312 1149 2379 horum
1169 2314 1211 2378 ab
1235 2312 1353 2396 aliquot

773 2430 789 2468 ’lt

202 2521 341 2586 haudlen
364 2520 444 2585 auch
466 2520 603 2586 th'a'tlich
626 2521 690 2585 und
713 2521 959 2605 unverschiimpt
981 2521 1127 2587 dawider.
1171 2519 1215 2590 Ja
1233 2522 1284 2589 ‚sie
1306 2543 1353 2587 sa·

64 2697 68 2706 ¹
202 2647 264 2710 gen
287 2626 359 2703 wol,
382 2626 427 2690 sie
450 2632 564 2709 mogon
587 2647 619 2690 es
642 2625 736 2702 thrin,
762 2626 827 2689 und
851 2626 936 2690 seien
958 2633 1017 2710 gar
1039 2627 1089 2690 nit
1111 2626 1260 2713 schuldig
1281 2628 1353 2692 oder

202 2730 385 2813 verpflieht,
409 2732 472 2796 irer
494 2731 640 2796 vorfaren
664 2731 719 2795 der
741 2730 843 2814 Bepst
864 2729 1019 2795 Decreten
1041 2735 1080 2811 ah
1102 2731 1233 2811 holten,
1264 2731 1355 2799 dweil

202 2837 254 2900 ein
270 2836 370 2919 Bapst
388 2837 458 2900 dem
482 2837 619 2902 anderen
642 2837 692 2900 nit
714 2837 770 2900 hat
792 2840 830 2901 nli
853 2836 1009 2920 gebieten,
1034 2837 1149 2901 sonder
1171 2838 1218 2901 sie
1240 2844 1353 2923 miigen

202 2941 251 3006 die
274 2942 338 3006 alte
355 2941 507 3007 Decreten
532 2942 665 3019 abthin,
688 2942 753 3005 und
778 2963 864 3005 newe
887 2941 1088 3006 auffriehten.
1119 2941 1194 3006 Wie
1209 2942 1256 3006 sie
1272 2943 1353 3008 denn

202 3049 282 3111 auch
305 3047 498 3112 meisterlieh
521 3046 641 3132 gethon
664 3046 777 3111 hahen.
811 3045 886 3110 Und
903 3045 1007 3110 wohin
1025 3047 1070 3110 sie
1089 3068 1150 3110 nur
1172 3046 1237 3111 irer
1262 3048 1352 3133 geitn,

202 3150 321 3216 hoffart
344 3153 409 3216 und
434 3151 545 3217 brecht
568 3152 713 3236 getriben
739 3153 810 3229 hat,
846 3153 948 3217 daven
979 3152 1082 3216 haben
1106 3153 1152 3216 sie
1175 3175 1237 3218 von
1261 3152 1354 3218 stund

203 3279 243 3321 an
267 3258 319 3322 ein
335 3257 450 3322 Deeret
476 3258 632 3342 gemacht,
657 3257 721 3320 und
746 3258 896 3342 volgends
918 3257 1079 3342 gehotten,
1105 3258 1228 3327 dasselb
1251 3261 1353 3323 ernst-

204 3361 268 3425 lieh
292 3365 330 3427 nri
352 3362 472 3428 halten.
505 3362 635 3427 Welchs
658 3362 739 3426 doch
761 3362 834 3426 eitel
858 3361 982 3426 mhlwil
1006 3362 1057 3438 ist,
1081 3360 1147 3425 und
1169 3361 1258 3427 hilfft
1281 3363 1352 3428 ineu

203 3486 261 3549 gar
283 3467 351 3546 nil,
373 3467 426 3531 das
450 3466 495 3530 sie
517 3487 632 3551 sagen,
656 3488 688 3530 es
711 3471 826 3550 m'dgen
850 3467 899 3530 die
922 3469 1026 3550 gesetz
1049 3466 1131 3530 nach
1154 3466 1354 3552 gelegenheit

203 3571 257 3634 der
280 3571 342 3634 zeii
363 3571 516 3655 gerunden
537 3572 672 3635 werden.
711 3570 804 3635 Denn
827 3572 875 3635 dis
898 3571 971 3636 wirt
992 3571 1089 3636 allein
1112 3593 1174 3636 von
1197 3573 1261 3637 den
1284 3573 1353 3636 ord·

203 3698 343 3763 mugen,
367 3697 401 3740 so
424 3677 457 3739 in
479 3677 642 3759 policeien,
666 3677 740 3741 oder
763 3676 954 3741 eusserliehe
976 3676 1091 3741 saehen
1107 3676 1260 3760 gehiiren,
1284 3699 1351 3743 ver·

203 3783 346 3861 standen,
371 3783 435 3846 und
458 3783 582 3848 weiters
605 3784 664 3848 nit.

291 3885 361 3965 Nu,
385 3888 444 3950 wie
466 3887 534 3952 sich
557 3888 608 3951 ein
632 3886 777 3952 Bisehoff
796 3888 871 3951 oder
893 3886 1051 3966 Priester,
1082 3887 1116 3950 in
1140 3887 1262 3951 seinem
1284 3909 1352 3972 pre·

204 3991 258 4076 dig
281 3993 346 4056 und
370 3993 501 4056 kirchen
526 3998 630 4077 ampl,
655 3994 797 4058 daneben
820 3994 854 4056 in
877 3992 995 4057 seinern
1018 3993 1113 4070 haus,
1137 4014 1242 4078 gegen
1265 3995 1353 4071 weih,

203 4097 325 4176 kinder,
350 4098 415 4162 und
437 4098 597 4163 iederman
619 4099 746 4176 hulten,
770 4099 869 4175 Item,
901 4099 960 4163 wie
983 4120 1017 4162 er
1038 4098 1105 4163 sich
1128 4099 1182 4162 des
1206 4099 1353 4180 kirchen·

203 4202 324 4267 diensis
358 4203 473 4279 allein,
508 4204 573 4267 und
607 4204 666 4267 mit
698 4203 877 4267 weltliehen
909 4203 1024 4266 sochen
1058 4224 1115 4287 ger
1140 4203 1191 4268 nit
1214 4203 1352 4282 beleden,

204 4307 431 4392 Dergleiehen,
463 4309 519 4371 wie
543 4331 576 4372 er
599 4329 656 4392 gar
680 4308 753 4371 kein
780 4307 940 4372 wueherer
965 4309 1047 4372 noch
1069 4307 1268 4374 Simoniecus
1290 4310 1354 4374 sein

205 4412 273 4490 sol,
310 4413 351 4477 ist
380 4413 509 4478 clarlieh
540 4413 574 4475 in
606 4412 660 4476 der
683 4411 814 4477 Schriffl
842 4413 1080 4498 ansgedrucket.
1127 4412 1193 4478 Das
1215 4414 1262 4478 sie
1283 4414 1354 4479 aher
