2850 5018
683 361 745 424 215

131 536 171 600 de
194 536 350 619 patribus
374 535 413 599 de
435 534 576 599 conciliis
600 539 631 598 et
654 535 796 612 decretis,
820 534 858 597 de
872 533 970 618 longa
989 535 1227 611 consuetudine,
1251 535 1289 599 do

132 640 281 705 navicula
297 641 394 718 Petri,
418 640 456 704 de
478 642 678 704 sacrosancta
700 640 781 716 sede,
806 661 842 702 ec
865 639 994 703 ecclesia
1016 639 1180 716 catholica,
1205 640 1288 704 nihil

132 747 164 808 te
187 750 339 810 moveant
360 744 514 829 ejusmodi
543 765 642 808 voces
689 744 765 808 Haec
796 744 882 807 enim
917 749 993 807 sunt
1028 744 1084 807 illa
1114 745 1223 809 suavia
1256 748 1304 809 ct¹

134 849 254 914 blanda
284 850 447 926 carmina,
481 870 551 931 quae
585 848 703 911 multos
736 849 770 911 in
801 869 939 912 errorem
970 854 1002 912 et
1025 848 1193 934 naufragia
1216 872 1287 934 per·

134 954 170 1038 [S
180 954 424 1037 iiij]traxerunt.
455 953 514 1018 Hae
537 957 611 1016 sunt
635 952 698 1017 illae
709 952 845 1030 Sirenes,
869 975 946 1036 quas
969 954 1126 1018 obturatis
1149 955 1288 1032 auribuS,

133 1062 170 1122 ut
192 1056 324 1143 Ulysses
346 1058 433 1135 fecit,
456 1058 723 1143 praeternavigare
742 1061 876 1141 oportet,
900 1062 936 1121 ut
952 1057 1086 1122 evitetur
1102 1058 1286 1143 periculum.
1384 1141 1386 1144 Ι

134 1162 204 1228 Ηο0
226 1162 313 1226 enim
336 1163 432 1226 semel
454 1165 541 1226 certo
565 1161 768 1225 statuendum
790 1165 847 1240 est,
871 1161 1014 1225 omnium
1038 1163 1202 1227 hominum
1218 1164 1288 1246 opi-

133 1268 256 1344 niones,
279 1266 467 1330 traditiones
490 1269 585 1349 atque
607 1267 727 1348 scripta
749 1266 861 1330 debere
884 1288 949 1330 esse
966 1272 1177 1331 consentanea
1193 1268 1288 1332 verbo

135 1372 204 1439 Dei.
244 1371 337 1436 Vidit
360 1371 418 1435 hoc
440 1372 475 1435 in
497 1372 644 1436 civilibus
667 1372 761 1435 rebus
785 1376 816 1435 et
839 1393 933 1435 ausus
957 1375 1006 1435 est
1028 1372 1163 1436 scribere
1189 1373 1289 1450 Plato,

136 1500 206 1543 cum
229 1477 387 1554 affirmat,
411 1498 605 1559 quaecuuque
627 1476 690 1540 alia
713 1476 848 1560 scripta,
878 1477 905 1538 si
928 1477 1085 1540 diversum
1109 1477 1290 1541 sentiente

136 1582 269 1667 legibue,
294 1603 360 1645 esse
383 1581 559 1664 rejicienda.
592 1581 691 1665 Leges
708 1584 813 1645 autem
830 1581 987 1665 putabant
1003 1602 1069 1645 esso
1086 1581 1144 1646 Dei
1160 1583 1289 1659 donum,

139 1692 170 1752 et
192 1688 263 1752 ideo
285 1690 409 1750 tentam
432 1686 489 1750 eis*
500 1687 684 1750 tribuebant
705 1687 934 1750 auctoritatem.
967 1685 1015 1750 Ex
1031 1708 1093 1770 quo
1112 1691 1217 1770 potest
1239 1688 1290 1750 iu-

141 1792 260 1877 telligi,
285 1813 379 1874 quam
403 1813 466 1855 non
489 1792 558 1855 sine
579 1791 703 1876 flagitio
725 1792 840 1855 mutari
866 1793 990 1875 possint
1012 1793 1089 1870 illa,
1113 1815 1182 1876 quae
1205 1793 1291 1857 Deus

142 1898 228 1980 ipse,
263 1918 369 1960 rerum
394 1896 555 1973 conditor,
592 1896 770 1960 ministerio
793 1897 924 1979 spiritus
948 1898 1079 1980 reliquit
1110 1898 1222 1974 nobis,
1257 1902 1289 1961 et

141 2001 265 2085 scriptis
289 2001 511 2084 comprehendi
534 1999 654 2077 voluit,
679 2004 714 2063 ut
737 2004 874 2077 exteret,
899 2003 982 2084 quod
1005 2004 1156 2084 perpetuo
1179 2024 1290 2085 seque·

142 2128 254 2172 remur.
303 2107 500 2189 Quanquam,
526 2106 553 2168 si
575 2105 751 2188 pontificeS,
776 2106 893 2190 quique
915 2107 1055 2189 pendent
1077 2107 1117 2171 ab
1141 2128 1193 2185 e0,
1217 2130 1290 2191 pro-

143 2213 237 2276 bandi
260 2213 327 2276 sint
350 2211 389 2274 ad
421 2232 565 2275 normam
588 2215 730 2274 veterum
762 2231 918 2274 canonum
953 2215 985 2274 et
1013 2212 1289 2290 constitutionum,

141 2317 219 2382 bone
241 2316 344 2394 Deus,
378 2338 473 2400 quam
496 2337 559 2380 non
584 2318 702 2398 queant
725 2315 827 2380 locum
852 2339 942 2380 suum
967 2317 1069 2380 tueri!
1116 2317 1200 2383 Nem
1222 2319 1291 2382 vio-

710 2435 727 2473 a

142 2549 266 2605 nones„
284 2525 365 2596 alter
389 2524 541 2590 liiblicher
564 2524 771 2589 herbruchter
794 2526 928 2604 breuch,
953 2525 984 2591 S.
1009 2527 1118 2592 Peters
1139 2527 1291 2604 schifflin,

142 2637 192 2700 der
214 2633 315 2718 heilig
337 2634 402 2697 stul
425 2632 490 2697 und
512 2629 733 2714 Apostolische
756 2632 855 2710 kirch,
880 2637 938 2697 etc.
984 2632 1050 2696 Das
1073 2633 1145 2696 sind
1167 2633 1217 2696 die
1239 2627 1292 2696 sies

142 2738 291 2826 singende
313 2736 457 2822 Syrenas,
481 2760 537 2801 vor
561 2737 700 2801 welchen
724 2736 759 2800 E.
778 2738 820 2801 M.
846 2739 907 2801 mit
929 2738 1158 2822 adgestopfften
1182 2737 1291 2812 ohren,

142 2844 286 2909 herfaren
303 2846 384 2919 mds,
409 2844 467 2907 wie
484 2843 538 2906 der
553 2841 682 2926 Ulysses
696 2841 776 2918 thet,
801 2843 903 2907 demit
925 2865 958 2907 er
982 2842 1081 2906 durch
1104 2843 1154 2906 die
1177 2842 1290 2904 diruen

142 2949 190 3013 nit
211 2948 416 3032 angereitzet,
440 2948 506 3013 und
528 2949 595 3012 also
617 2948 651 3011 in
674 2948 777 3012 seiner
800 2948 960 3032 schiffung
975 2948 1160 3012 verhindert
1175 2946 1292 3010 wdrda

141 3052 231 3118 Denn
248 3051 314 3116 dise
329 3051 503 3115 Maximam
519 3053 565 3116 sol
589 3053 653 3115 und
676 3057 746 3117 ints
770 3075 842 3116 man
866 3046 980 3116 nissen
1003 3053 1068 3116 und
1092 3052 1212 3128 hatten,
1237 3052 1292 3114 das

142 3158 218 3222 aller
241 3155 412 3221 menschen
428 3155 601 3234 schrifften‚
626 3157 799 3236 Concilien,
824 3158 888 3220 uud
905 3157 1103 3242 ordnungen,
1127 3155 1198 3219 dem
1213 3158 1294 3218 wort
1360 3150 1368 3172 ⁸

144 3263 252 3328 Gottes
275 3262 327 3325 nit
348 3257 475 3327 mdssen
499 3263 635 3327 adwider
657 3263 734 3326 sein.
767 3262 897 3326 Welohs
921 3264 975 3327 der
990 3261 1072 3326 Heid
1089 3261 1190 3338 Plato,
1214 3260 1295 3324 auch

142 3370 173 3433 in
195 3367 420 3452 burgerlicheu
444 3368 562 3452 dingen
586 3368 642 3432 het
666 3369 764 3432 diiren
796 3368 977 3444 schreiben,
1013 3368 1053 3430 da
1074 3388 1107 3429 er
1130 3369 1220 3450 sagt,
1251 3364 1294 3428 Es

141 3470 266 3539 mdsten
288 3473 350 3537 alle
372 3474 487 3537 andere
511 3473 693 3550 schrifften,
725 3475 786 3537 mit
807 3475 877 3537 dem
901 3456 1128 3558 gesehribenen
1151 3472 1216 3535 und
1239 3492 1294 3555 ge-

141 3583 259 3644 setzten
281 3577 410 3642 rechten
434 3579 549 3642 stimen
580 3579 645 3642 und
675 3578 922 3663 gleichformig,
957 3579 1032 3642 oder
1067 3577 1167 3641 sollen
1203 3574 1295 3639 nichs

141 3684 223 3748 werd
256 3684 333 3748 sein.
379 3683 490 3747 Solche
521 3705 629 3768 grosse
662 3684 838 3747 authoritet
867 3683 970 3747 haben
1001 3685 1046 3747 sie
1071 3684 1141 3746 dein
1163 3680 1293 3744 rechten

141 3790 204 3854 und
236 3793 342 3873 gesetz
374 3794 597 3874 adgemessen,
633 3790 724 3853 dweil
749 3789 820 3872 [47]
854 3790 953 3852 sices
976 3789 1121 3852 achteten
1146 3808 1202 3850 vor
1225 3785 1296 3848 eine

140 3895 201 3978 gab
224 3893 299 3957 oder
322 3894 499 3978 geschcnck
522 3896 616 3958 deren
640 3894 727 3958 sort.
773 3893 847 3957 Und
871 3917 904 3958 so
928 3896 999 3957 dem
1031 3893 1114 3968 also,
1148 3891 1208 3954 mit
1231 3911 1294 3952 was

140 3998 258 4084 gestalt
280 4000 354 4063 oder
377 4000 552 4083 gewissen,
584 4001 651 4063 will
673 4001 748 4064 oder
770 4001 833 4063 ken
855 4021 928 4062 man
955 3998 1137 4081 dasjheuig,
1174 4017 1208 4059 so
1232 3993 1296 4058 Got

139 4104 222 4168 solbs
247 4106 358 4187 geredt
380 4106 444 4169 und
468 4106 621 4169 hevolhen
645 4106 716 4182 hat,
753 4105 968 4169 vertinderen?
1013 4102 1168 4177 Wiewol,
1203 4121 1294 4163 wenn

140 4209 190 4273 die
206 4207 309 4290 Bepst
331 4214 437 4292 sempt
459 4211 537 4273 irem
561 4209 698 4287 hauffeu,
724 4209 824 4273 solteu
851 4209 931 4273 nach
957 4210 1017 4272 den
1041 4207 1125 4271 alten
1140 4205 1295 4269 Decrcten

140 4313 204 4377 und
229 4311 376 4378 Oenonen
402 4314 590 4380 examiniert
621 4314 761 4390 werden,
797 4313 871 4377 hilff
892 4313 974 4390 Got,
1010 4335 1058 4376 wo
1090 4311 1219 4374 wdrden
1252 4309 1296 4373 sie

140 4418 292 4483 bleiben?
323 4417 375 4484 sie
397 4419 501 4484 haben
524 4419 585 4484 alle
607 4423 684 4504 grite
706 4419 843 4484 liibliche
859 4419 1015 4484 Decreten
1035 4416 1296 4500 durchgebissen,
