2850 5018
686 354 744 417 121

132 530 215 614 apud
242 528 450 594 Tridentinos
474 528 607 606 indixit,
631 527 736 611 cujus,
770 550 862 612 quem
886 527 1019 612 ipsemet
1041 529 1185 593 futurum
1208 550 1289 612 prae-

133 636 257 699 viderat
281 638 313 698 et
337 634 482 718 optabat,
506 634 534 698 is
556 633 621 698 fuit
643 633 754 699 exitus.
803 634 971 716 Quousque
994 633 1121 698 tandem
1146 634 1288 699 ludifica-

132 739 206 805 bitis
232 739 346 803 orbem
368 743 525 803 terrarum
555 741 587 802 et
615 739 649 801 in
678 738 790 821 primis
822 738 922 821 ipsam
946 738 1175 803 Germaniam?
1220 738 1290 803 Etsi

136 867 195 929 prae
219 844 337 909 ceteris
361 843 510 928 gentibus
526 843 648 929 ingenii
663 843 787 907 laudem
803 843 892 908 vobis
916 845 1072 928 arrogatis
1094 848 1126 908 et
1147 866 1288 922 acumen,

135 949 368 1034 intelliguntur
399 952 505 1013 tamen
536 949 722 1013 abarbaris
746 948 912 1013 Germanis
936 952 1047 1013 vestrae
1077 949 1218 1028 technae,
1254 971 1290 1014 ac

136 1057 178 1120 ita
200 1056 332 1139 quidem
348 1077 476 1139 prorsus
492 1055 727 1140 intelliguntur,
752 1058 798 1131 ut,
815 1055 938 1138 quoties
953 1055 1080 1119 concilii
1095 1055 1289 1119 mentionem

137 1162 306 1246 spargine,
341 1160 512 1224 ludibrium
543 1181 610 1224 esse
631 1163 746 1243 putent
768 1182 896 1238 omnes,
928 1160 976 1222 vel
1002 1159 1151 1224 mediocri
1170 1159 1289 1243 judicio

136 1266 278 1350 prediti,
311 1265 356 1330 sic
379 1265 464 1330 enim
485 1266 549 1347 jam
572 1269 777 1329 assueverunt
800 1265 913 1329 vestris
936 1265 1068 1330 artibus.
1115 1264 1196 1341 Quia
1224 1286 1289 1329 non

139 1372 274 1436 multum
298 1392 353 1435 vos
377 1394 395 1435 a
417 1370 592 1455 praecipitio
615 1371 733 1435 distare
754 1370 877 1446 videtis,
902 1371 971 1436 ideo
994 1370 1235 1454 circumspicitis
1258 1372 1291 1433 et

139 1475 338 1560 investigatis
361 1497 556 1559 quaecunque
578 1476 711 1559 potestis
734 1475 928 1540 diverticula.

139 1581 195 1647 (tur
217 1585 339 1646 autern-
352 1580 567 1646 criminamini
590 1584 710 1645 vestros
734 1581 946 1658 adversarios,
983 1581 1072 1664 quasi
1099 1582 1201 1645 multo
1224 1581 1291 1644 sint
1400 1662 1404 1669 Ι

141 1686 335 1750 nocentiores
370 1685 439 1749 orbi
472 1683 653 1750 Christiano
688 1708 782 1769 quam
817 1686 879 1770 ipsi
910 1686 1042 1750 Turcae?
1087 1684 1175 1749 Num
1209 1683 1289 1764 ideo,

143 1791 288 1874 quoniam
312 1791 430 1874 optatis
454 1794 528 1854 aute
543 1788 708 1855 Turcicam
729 1792 960 1875 expeditionem
985 1791 1056 1856 illos
1079 1791 1217 1875 opprimi
1240 1794 1290 1854 to·

145 1899 185 1960 tos
208 1899 241 1960 et
265 1896 364 1961 deleri
386 1897 556 1960 funditus?
600 1895 764 1961 Nimirum
794 1919 830 1961 eo
858 1897 998 1980 pertinet
1020 1896 1188 1960 consilium
1211 1895 1289 1959 illud

147 2004 298 2081 restrum,
334 2003 423 2086 cujus
453 2006 547 2067 antea
575 2003 799 2080 meminimus,
834 2006 869 2066 ut
893 2003 994 2066 foedus
1017 2002 1182 2066 adversum
1205 2002 1290 2086 ipsos

148 2105 252 2172 initum
276 2112 440 2192 augeatur.
472 2106 590 2172 Verum
614 2108 677 2192 ipsi
699 2109 776 2173 adeo
799 2131 863 2172 non
886 2107 1096 2172 reformidant
1118 2109 1229 2185 lucem,
1254 2112 1290 2172 ut

151 2211 218 2276 nihil
240 2213 345 2298 magis
368 2213 519 2296 cupiant,
551 2235 646 2296 quam
676 2214 782 2296 palam
809 2214 899 2291 ficri,
935 2236 1030 2277 vosne
1061 2236 1101 2278 an
1135 2213 1194 2297 ipsi
1218 2213 1291 2297 plus

152 2322 271 2382 noceant
294 2318 485 2401 reipublicae.
538 2316 612 2382 Jam
636 2318 712 2382 olim
736 2319 775 2383 ad
798 2319 858 2383 hoc
881 2322 1040 2383 certamen
1063 2341 1118 2384 vos
1139 2319 1290 2398 invitant,

155 2425 179 2484 et
196 2423 329 2507 cupiunt
350 2422 527 2507 periculum
550 2422 669 2500 facere,
694 2424 746 2488 sed
770 2444 835 2502 vos,
859 2424 934 2488 dum
958 2424 997 2487 ad
1020 2423 1183 2507 publicum
1205 2424 1292 2489 orbis

158 2529 305 2594 comitium
334 2550 401 2592 rem
431 2549 556 2592 omnem
588 2528 738 2611 rejicitis,‚
772 2530 854 2593 male
876 2529 964 2593 vobis
996 2529 1160 2594 consultis.
1205 2528 1291 2595 Nam

710 2666 727 2704 *

158 2766 260 2837 L'issue
283 2772 322 2836 de
344 2794 379 2836 ce
396 2772 524 2837 Concile
545 2773 596 2837 fut
619 2773 694 2838 telle
718 2774 795 2858 qu'il
816 2773 919 2838 ‘savoit
935 2779 1140 2858 auparavant‚
1164 2778 1197 2839 et
1212 2776 1291 2860 qu'il

159 2879 226 2943 auoit
246 2901 390 2964 preveue.

706 3019 723 3058 ’l‘

159 3116 278 3188 toneffio
302 3146 341 3188 en
366 3124 494 3188 Trento.
541 3122 582 3188 El
612 3125 686 3209 qual
715 3130 791 3190 tuvo
822 3127 854 3190 la
876 3127 920 3190 fin
944 3148 1005 3210 que
1026 3127 1054 3191 el
1079 3149 1197 3191 mesmo
1219 3128 1290 3193 avia
1397 3168 1399 3174 .

158 3229 369 3307 pronosticad0‚
393 3254 415 3314 y
437 3229 591 3296 dosscava.

706 3368 723 3407 ἦ(

227 3475 383 3541 Warumb
406 3475 523 3559 gebent
545 3474 597 3538 ihr
613 3475 688 3539 aber
703 3474 765 3553 fur,
790 3474 845 3538 das
862 3496 959 3539 ewere
975 3476 1213 3563 widerwertige‚
1237 3479 1292 3543 der

158 3577 357 3646 Christenheit
387 3580 584 3645 sohiidlicher
614 3581 724 3658 seind‚
761 3581 845 3645 dann
875 3581 924 3645 die
955 3581 1125 3646 Turclren‘l
1160 3583 1218 3646 ists
1242 3583 1293 3648 nit

158 3681 281 3762 darumb,
306 3687 360 3748 das
384 3684 412 3748 ir
434 3706 491 3748 vor
513 3684 582 3747 dem
607 3681 752 3748 Tiircken
776 3705 845 3768 aug,
871 3685 925 3748 das
949 3686 1007 3748 end
1031 3707 1108 3770 gern
1132 3688 1193 3750 mit
1214 3687 1288 3751 inen

158 3787 235 3855 sehen
256 3790 399 3866 wollent,
424 3789 544 3853 dieweil
568 3790 613 3854 sie
636 3790 713 3854 euch
736 3811 771 3853 so
793 3789 867 3853 hart
891 3791 1045 3874 auligeri?
1071 3790 1125 3854 das
1149 3785 1291 3855 misscnt

158 3888 177 3953 ir
190 3895 220 3978 ja
239 3896 416 3972 belenum,
440 3894 537 3958 vorab
560 3916 594 3958 so
611 3895 687 3958 irin
705 3880 924 3980 obgemeltem
948 3917 1079 3958 ewerem
1095 3895 1289 3981 rathschlag‚

159 3997 239 4063 neten
262 3999 412 4075 andem,
436 3998 516 4062 auch
539 4002 682 4063 ermanet
704 4000 758 4063 das
782 3999 1038 4084 gegenbindtntis
1062 4003 1099 4064 nri
1122 4001 1292 4064 stercken?

159 4093 225 4181 Nun,
248 4104 289 4168 ob
312 4104 366 4180 sie,
390 4104 464 4168 oder
487 4104 562 4168 aber
586 4104 630 4181 ir,
656 4105 709 4168 der
734 4104 949 4169 Christeuheit
972 4104 1168 4169 schitdlicher
1191 4105 1290 4184 seind,

159 4199 225 4270 daun
246 4208 301 4272 der
325 4204 449 4286 Tmen,
481 4209 535 4273 das
557 4210 671 4273 w'dllen
694 4209 740 4272 sie
764 4214 898 4273 crdrtert
921 4210 1042 4289 haben,
1077 4211 1143 4275 und
1165 4209 1292 4274 hettens

160 4325 219 4387 gem
239 4313 316 4399 lang
338 4313 511 4378 versichet.
558 4313 703 4378 wollent
737 4314 788 4378 ihr
822 4314 897 4379 inen
928 4315 1003 4379 aber
1032 4315 1074 4379 zil
1106 4316 1206 4400 geben
1237 4315 1292 4380 bill

160 4413 213 4479 um
233 4417 383 4498 Concilio,
408 4440 441 4482 so
464 4420 562 4484 chent
584 4419 636 4484 ihr
658 4419 754 4485 wider
777 4421 857 4485 cuch
878 4420 980 4502 selbo,
1011 4420 1097 4485 darm
1125 4422 1160 4486 in
1182 4420 1289 4486 mitler
