2850 5018
690 357 752 418 104

8 528 12 535 ’
140 493 250 597 sedin
274 531 385 615 primis
408 534 439 594 et
463 529 634 615 diligenter
656 530 854 594 laboraturos
877 529 960 611 apud
975 528 1128 594 Caesarem
1153 528 1293 614 aliosque

139 658 245 721 reges,
269 639 306 699 ut
327 633 508 718 impediatis
532 655 617 709 eam,
642 633 904 716 quemadmodum
928 631 1081 698 hactenus
1103 634 1217 699 fecisse
1239 658 1293 700 vos

139 746 171 806 et
193 741 282 805 illam
305 738 505 823 impedivisse
533 738 675 822 plerique
691 738 889 802 oonfirmant.
921 737 995 802 darn
1011 761 1085 803 vero
1107 761 1158 803 res
1175 745 1292 806 nostras

139 846 184 910 sie
215 846 353 922 habent,
387 847 424 906 ut
456 843 631 908 necessario
661 844 762 906 multa
793 843 859 905 sint
891 842 984 906 aliter
1015 844 1240 911 constituenda
1261 851 1292 911 et

140 950 300 1025 mutanda,
322 962 431 1012 omnes
455 948 551 1011 etiarn
570 948 689 1031 judicio
714 947 839 1030 praediti
861 947 906 1010 sic
928 948 1130 1026 existimant,
1155 955 1211 1014 aut
1234 951 1292 1016 hoo

141 1077 207 1119 esse
230 1053 409 1117 faciendum
433 1058 489 1117 aut
512 1053 672 1137 insignem
694 1052 833 1135 aliquam
856 1053 1081 1135 expectandam
1097 1077 1205 1119 rerum
1221 1079 1292 1141 per-

140 1158 364 1222 turbationem.
412 1156 449 1219 In
473 1157 561 1219 vohis
592 1156 676 1219 nihil
707 1156 860 1220 habemus
889 1158 1061 1238 repositum
1095 1161 1184 1243 spei,
1217 1161 1291 1244 quia

142 1263 286 1327 doctrina
309 1266 341 1326 et
364 1261 541 1325 eruditione
564 1261 695 1336 caretis3
719 1261 840 1337 deinde,
866 1261 892 1323 si
916 1284 977 1345 qua
1000 1267 1047 1327 est
1071 1264 1105 1327 in
1122 1265 1209 1329 vobis
1224 1286 1285 1329 non

140 1368 397 1451 reprehendenda
419 1389 476 1430 nee
506 1367 660 1430 illaudata
687 1366 853 1441 voluntas,
889 1389 925 1430 ea
956 1371 1063 1432 tamen
1087 1373 1136 1433 est
1159 1369 1291 1434 avaritia

138 1479 170 1538 et
201 1474 375 1538 ambitione
405 1475 572 1554 corrupta3
610 1476 784 1555 postremo,
820 1472 865 1536 sie
895 1474 993 1537 vitam
1026 1475 1220 1552 instituitis,
1256 1479 1291 1538 ut

138 1579 364 1663 propemodum
388 1599 538 1662 cogamur
562 1579 599 1642 de
624 1578 710 1641 vohis
733 1578 862 1642 omnino
883 1579 1056 1662 desperare.
1091 1580 1176 1656 Quid
1194 1580 1290 1665 igitur

137 1685 316 1749 faciendum
348 1687 419 1747 est?
465 1681 539 1747 Non
570 1684 684 1747 desunt
716 1683 807 1747 nobis
839 1684 899 1747 viri
923 1684 1005 1748 docti
1031 1685 1291 1769 quamplurimi,

138 1790 224 1873 pacis
248 1795 280 1854 et
302 1789 475 1854 concordiae
500 1789 616 1872 cupidi,
641 1793 716 1852 sunt
738 1793 770 1853 et
792 1789 952 1873 principes
971 1794 1002 1854 et
1017 1791 1201 1874 principum
1217 1812 1290 1855 oon-

139 1896 254 1960 siliarii
278 1918 341 1959 non
366 1895 475 1978 pauci,
510 1896 564 1978 qui
589 1896 716 1973 vident,
749 1897 905 1977 quomodo
928 1896 970 1959 sit
993 1895 1067 1959 huic
1089 1895 1204 1958 morbo
1227 1917 1290 1958 me-

66 2014 71 2024 '
139 2000 244 2064 diuina
266 2001 418 2065 facienda.
465 2000 612 2065 Possitne
643 2025 662 2065 a
691 2002 780 2065 vohis
814 2002 872 2066 hoe
901 2002 1085 2085 impetrari,
1121 2006 1158 2066 ut
1190 2005 1290 2066 vestro

140 2106 294 2189 permissu
325 2107 416 2171 nohis
447 2106 557 2184 liceat,
593 2112 711 2171 certam
734 2107 899 2192 religionis
922 2112 953 2172 et
977 2107 1131 2172 doctrinae
1154 2106 1288 2170 formam

704 2230 721 2268 a

136 2314 310 2380 formation
326 2315 474 2381 schioken
491 2316 614 2393 wdllan,
632 2319 746 2382 sonder
762 2319 903 2384 werdens
921 2319 971 2383 hei
984 2319 1115 2405 Kayser,
1140 2317 1287 2403 Kfinigen

137 2422 201 2484 und
225 2422 343 2485 andern
367 2421 577 2498 verhindern,
611 2424 752 2486 werdent
774 2419 839 2487 srtl
862 2425 926 2488 und
949 2423 1055 2488 biinok
1077 2425 1111 2487 in
1135 2425 1198 2488 den
1223 2443 1287 2507 weg

135 2525 274 2602 werffen,
300 2527 400 2590 damit
422 2549 455 2591 es
477 2528 508 2610 ja
531 2527 621 2591 nicht
644 2528 740 2592 dahin
757 2529 905 2593 hominen
918 2527 939 2606 ¹,
965 2531 1022 2594 wie
1043 2530 1071 2593 ir
1087 2529 1174 2594 dann
1190 2528 1284 2592 sehon

24 2716 26 2722 k
135 2630 169 2693 in
192 2633 269 2714 gross
293 2632 504 2696 verdenokens
528 2632 640 2696 homan
669 2634 778 2711 seind,
814 2633 918 2698 solchs
950 2633 1004 2698 biii
1035 2633 1135 2698 anher
1167 2633 1282 2718 gethan

135 2737 174 2798 zui
197 2734 310 2813 haben,
336 2737 399 2800 und
421 2736 520 2813 noch,
544 2741 615 2802 zdrn
637 2737 715 2802 aller
738 2739 938 2824 fleissigsten.
985 2738 1025 2803 So
1047 2739 1120 2804 hats
1144 2761 1212 2803 nun
1236 2737 1282 2802 bei

135 2862 194 2903 uns
218 2841 288 2905 eine
310 2842 415 2906 solohe
437 2843 575 2927 gestalt,
610 2844 665 2907 das
688 2844 745 2907 wir
780 2850 841 2910 auti
873 2846 971 2910 hohor
1005 2844 1284 2908 onvermeidlioher

134 2947 274 3009 notturft
295 2949 474 3031 getrungen
497 2948 596 3026 seind,
620 2949 690 3013 eine
708 2951 929 3035 veranderung
944 2954 982 3016 ud
996 2950 1138 3028 maohen,
1163 2949 1281 3012 hahens

134 3049 231 3114 sehon
255 3051 350 3115 dahin
374 3052 496 3131 bracht,
521 3054 575 3117 das
597 3055 766 3139 yederman
789 3056 921 3139 spricht,
944 3079 976 3121 es
1001 3056 1076 3120 mdss
1093 3053 1280 3139 geschehen,

134 3155 208 3219 oder
230 3178 262 3219 es
286 3151 359 3220 md‘ss
383 3158 435 3221 ein
458 3163 566 3242 argere
590 3160 715 3244 volgen.
747 3160 832 3238 Nun,
856 3166 893 3226 zd
912 3162 990 3225 euch
1006 3159 1111 3223 haban
1128 3159 1188 3223 wir
1204 3159 1283 3243 keyn

135 3257 301 3344 hoffnung,
324 3261 468 3326 kdnnens
493 3264 573 3327 auch
593 3264 642 3327 nit
658 3264 771 3341 haben,
796 3266 879 3329 denn
896 3265 946 3329 die
961 3265 1025 3329 lere
1040 3266 1103 3328 und
1121 3263 1281 3349 geschich-

134 3362 244 3427 lieheit
267 3365 387 3430 hahent
409 3367 437 3430 ir
460 3367 519 3443 nit,
544 3368 597 3431 der
621 3371 698 3452 grite
721 3370 804 3446 will,
829 3391 863 3433 so
886 3370 915 3432 ir
937 3369 1041 3434 haben
1063 3375 1212 3456 mdgent,
1246 3371 1282 3434 ist

134 3468 232 3532 durch
254 3470 338 3553 geitz
361 3472 425 3534 und
448 3473 560 3554 praoht
576 3473 732 3552 verderbt,
757 3476 822 3538 und
845 3475 920 3539 umh
944 3498 1025 3539 ewer
1047 3477 1219 3541 eusserlich
1242 3477 1282 3540 le-

116 3573 193 3636 ‘hen
216 3572 289 3637 hats
311 3575 362 3638 ein
385 3576 490 3641 solohe
512 3580 639 3662 gestalt,
665 3579 719 3642 das
743 3581 800 3644 wir
825 3581 978 3644 allsamen
1001 3603 1041 3646 an
1063 3580 1143 3645 euch
1159 3577 1281 3646 mirssen

133 3679 333 3743 vernweiflen.
380 3680 451 3745 Wie
483 3683 583 3747 sollen
613 3684 671 3747 wir
700 3684 743 3748 im
773 3708 839 3749 nun
869 3687 974 3750 thuin?
1019 3685 1093 3750 Wir
1123 3686 1229 3752 haben
1252 3705 1280 3748 so

133 3782 176 3844 vil
199 3784 336 3864 fromer,
369 3788 516 3868 erbarer,
550 3790 686 3874 gelerter
708 3789 773 3853 und
796 3791 995 3875 geschichter
1025 3792 1112 3871 leut,
1150 3792 1281 3858 Fttrsten

134 3887 241 3967 Rath,
276 3893 341 3956 und
371 3894 505 3972 andere,
537 3896 571 3978 ja
602 3897 645 3959 vil
670 3895 805 3960 Ftirsten
829 3897 930 3976 selbs,
965 3898 1016 3962 die
1039 3899 1078 3962 da
1101 3900 1198 3964 sehon
1223 3896 1282 3962 und

132 3993 280 4075 wissant,
314 3997 373 4062 wie
404 3999 463 4062 den
494 4000 611 4084 dingen
641 4006 679 4066 nit
710 4001 825 4066 helffen
857 4007 947 4066 wire.
994 4002 1131 4068 Solten²
1155 4006 1214 4070 wir
1238 4003 1282 4069 nit

132 4120 192 4163 von
216 4102 294 4165 euoh
317 4109 428 4187 mdgen
453 4105 614 4190 erlangen,
640 4107 694 4170 das
718 4107 776 4170 wir
799 4108 900 4171 under
923 4129 982 4171 uns
1005 4129 1066 4192 eyn
1088 4131 1193 4173 wesen
1217 4109 1281 4174 aui-

133 4203 307 4285 riohteten,
338 4207 437 4272 damit
460 4208 566 4273 Gottis
588 4232 663 4274 nam
686 4211 832 4296 geehret,
864 4213 924 4278 alle
947 4212 1065 4277 falsohe
1089 4213 1283 4300 Abg'dtisohe

206 4433 217 4485 l
237 4431 327 4489 home.
399 4434 535 4492 usellen.
