2850 5018
757 315 819 377 206

213 479 355 549 Siciliam
377 484 556 566 amitteres,
592 507 628 552 ae
650 506 714 550 non
737 485 841 550 solum
869 508 968 573 regno
990 487 1221 574 Neapolitano,
1258 491 1312 555 sed
1334 495 1364 555 et

213 588 309 653 Italia
330 610 459 674 prorsus
481 591 647 656 exuereris.
693 589 735 654 Et
763 612 945 674 quanquam
977 592 1017 657 ab
1045 615 1081 658 eo
1111 598 1219 678 postes
1249 593 1364 664 foedere

213 693 364 771 discessit,
388 695 510 759 detecte
533 696 766 780 conjuratione,¹
782 700 899 774 tamen,
924 719 965 760 ne
987 697 1064 781 qnid
1086 697 1226 762 alienum
1250 720 1271 763 e
1284 720 1363 782 pon·

214 798 312 866 tifieio
334 820 421 864 more
436 799 569 878 fuceret,
593 799 707 865 vulnus
730 799 848 864 inflixit
870 801 940 865 orbi
962 801 1144 868 Christiano
1166 802 1264 889 longe
1291 824 1363 888 gra·

212 903 386 982 vissimum,
410 904 494 988 quod
517 927 557 970 ne
579 905 671 970 hodie
694 905 821 990 quidem
844 912 988 972 curatum
1007 910 1063 972 est.
1094 905 1178 972 Nam
1196 908 1263 992 ejus
1278 907 1361 986 belli,

213 1007 297 1093 quod
318 1007 404 1074 inter
426 1014 458 1074 te
481 1009 654 1095 Galliaeque
676 1033 783 1097 regem
806 1015 863 1091 est,
886 1015 996 1078 auctor
1019 1012 1072 1076 ille
1095 1011 1176 1090 fuit,
1208 1016 1363 1097 quantum

214 1114 247 1178 in
270 1114 340 1199 ipso
363 1119 439 1179 erat.
486 1113 554 1190 Quo
577 1116 610 1180 in
634 1116 718 1181 bello
748 1118 876 1182 tametsi
905 1117 1086 1182 fortunatus
1114 1115 1268 1195 extitisti,
1303 1117 1365 1181 fnit

214 1223 322 1284 tomen
338 1220 416 1284 illud
433 1221 604 1284 excitatum
617 1219 656 1283 ab
673 1242 709 1285 eo
726 1219 882 1306 singulari
898 1221 1033 1305 quadam
1046 1221 1212 1285 industria.
1236 1218 1362 1307 Praevi·l

213 1326 308 1392 debet
329 1328 415 1390 enirn
439 1326 594 1404 futurum,
618 1331 654 1391 ut
677 1326 773 1391 semel
794 1326 977 1391 inchoatum
997 1325 1160 1390 dissidium
1185 1325 1271 1392 inter
1288 1326 1363 1391 duos

212 1431 450 1517 potentissimos
473 1424 565 1516 reges
585 1431 770 1495 diuturnum
794 1434 894 1509 esset,
918 1453 1019 1515 neque
1040 1430 1128 1495 brevi
1151 1429 1260 1514 aliquo
1282 1435 1362 1495 tern-

213 1558 289 1621 pore
312 1537 467 1601 finiretur.
503 1535 643 1600 Putabat
666 1535 724 1600 hoe
747 1535 813 1599 suis
838 1534 1014 1599 rationibus
1036 1536 1138 1599 multo
1161 1535 1361 1620 111ςὶ11111-

214 1642 322 1707 venire
353 1664 448 1726 quom
478 1642 615 1706 indicere
643 1641 805 1725 publicum
837 1640 922 1706 orbis
954 1639 1139 1718 oonoilinm,
1173 1639 1258 1724 qnod
1290 1643 1362 1704 tuno

213 1746 405 1833 flagitabant
426 1769 553 1826 omnes,
583 1768 619 1811 ao
649 1747 682 1809 in
712 1746 823 1830 primis
845 1745 1055 1810 necessarium
1084 1767 1149 1810 esse
1176 1745 1363 1828 judicabant

212 1851 254 1917 ob
276 1852 358 1918 hano
380 1854 493 1938 ipsam,
518 1874 586 1936 quae
610 1873 695 1916 nune
717 1873 841 1936 quoque
863 1850 1126 1930 controvertitur,
1152 1853 1184 1914 et
1207 1853 1286 1915 tuno
1309 1849 1361 1914 ad·

212 1958 274 2024 huo
296 1980 403 2024 reeens
432 1961 517 2037 erat,
550 1957 713 2042 religionis
742 1978 878 2023 eausam.
924 1954 966 2020 Et
988 1977 1063 2022 sane
1085 1955 1260 2040 prudenter
1283 1953 1361 2020 hano

212 2066 369 2131 rationem
392 2065 517 2142 inierat,
542 2085 599 2128 neo
621 2062 779 2127 aberravit
794 2062 834 2126 ab
850 2083 896 2139 eo,
920 2081 1013 2146 quem
1029 2063 1236 2145 spectaverat,
1260 2081 1359 2144 scopo

299 2171 373 2236 Non
397 2170 498 2234 neseis
520 2170 632 2247 etiem,
655 2167 774 2246 Oaesar,
797 2166 1059 2251 quemadmodum
1083 2188 1101 2230 a
1124 2170 1228 2230 morte
1252 2164 1359 2230 Leonis

213 2278 248 2343 in
271 2278 376 2342 eodem
401 2275 484 2340 bello
506 2297 539 2338 se
562 2273 694 2358 gesserit
717 2271 861 2337 Clemens
884 2270 1029 2356 pontifex
1048 2293 1124 2358 erga
1138 2275 1180 2350 te,
1206 2269 1358 2355 quomodo

212 2383 390 2461 nutaverit,
415 2382 570 2466 quomodo
594 2379 714 2444 duabus
737 2379 906 2463 aliquando
929 2377 1014 2442 sellis
1036 2376 1170 2455 sederit,
1194 2397 1291 2458 quem
1313 2375 1358 2440 in·

212 2489 326 2554 sidiose
350 2499 452 2552 tecum
476 2487 587 2575 egerit,
610 2486 694 2570 quod
716 2485 817 2550 dedus
839 2485 1038 2569 percusserit,
1062 2483 1221 2567 quomodo
1245 2482 1356 2546 bellurn

211 2596 274 2660 tibi
296 2593 495 2659 denuntiarit
516 2592 650 2676 epistola
671 2591 807 2655 multum
831 2590 930 2655 atroci
952 2594 984 2654 et
1018 2589 1111 2672 plenu
1145 2586 1357 2672 exprobratio

212 2721 308 2779 num,
345 2700 499 2783 quomodo
533 2697 649 2760 libellis
680 2697 773 2760 editis
802 2718 917 2761 nomen
940 2698 1032 2760 tuum
1054 2697 1150 2777 etque
1172 2692 1292 2756 famem
1315 2691 1355 2756 ls-

778 2818 796 2856 ss

214 2909 287 2976 Und
309 2910 428 2974 wiewol
452 2930 484 2973 es
507 2906 543 2972 Ε.
567 2907 610 2971 M.
635 2907 681 2970 irn
703 2905 809 2970 selben
832 2905 924 2990 krieg
947 2899 1097 2989 glimket,
1132 2923 1167 2966 so
1190 2901 1265 2966 hats
1288 2901 1358 2965 den·

213 3015 296 3080 nooh
328 3014 391 3079 Leo
428 3014 537 3077 keiner
574 3013 711 3076 anderen
745 3011 897 3095 meinung
935 3009 1075 3095 gethon,
1114 3007 1199 3072 dann
1238 3006 1294 3071 das
1329 3025 1357 3070 er

213 3120 274 3185 wol
297 3119 391 3184 vvisste
413 3117 647 3183 auszdreehnen
670 3117 753 3180 diser
776 3117 887 3202 krieg,
920 3116 966 3179 als
998 3113 1151 3178 zwisehen
1182 3111 1300 3176 zvveien
1329 3130 1358 3174 so

212 3246 287 3310 gros
310 3224 489 3309 meohtigen
512 3225 644 3301 herren,
667 3222 773 3286 wtirde
795 3221 878 3286 nooh
900 3222 934 3285 in
957 3220 1041 3284 vilen
1061 3221 1170 3303 jaren,
1205 3217 1282 3283 kein
1305 3216 1358 3282 end

212 3336 328 3417 mdgen
351 3351 474 3394 nemen.
521 3328 594 3393 Und
617 3329 671 3392 das
695 3329 749 3405 im,
773 3327 854 3392 auoh
877 3328 995 3391 seinem
1018 3326 1107 3404 Stul,
1131 3324 1180 3388 dis
1201 3324 1235 3407 ja
1258 3321 1361 3409 gleioh'

213 3436 286 3519 [42]
309 3456 411 3519 weger
435 3434 499 3497 und
523 3433 698 3497 nfitzlieher
720 3455 795 3506 war,
821 3432 905 3496 dsnn
929 3432 981 3495 ein
1004 3429 1201 3508 Concilium,
1230 3427 1287 3492 dus
1310 3429 1359 3491 du·

212 3540 316 3606 11111111
340 3562 400 3604 von
424 3560 531 3624 wegen
556 3539 639 3601 diser
661 3538 801 3621 ietziger,
825 3538 888 3601 und
913 3538 952 3600 du
975 3536 1107 3601 newlich
1125 3534 1359 3620 engelangenor

211 3646 294 3724 lere,
318 3643 479 3732 gefordert
499 3644 619 3721 vverde,
643 3642 901 3708 auszuschreiben
923 3643 988 3706 und
1011 3645 1049 3707 nd
1074 3641 1194 3705 halten.
1242 3637 1286 3702 Es
1309 3637 1360 3701 hst

212 3751 256 3815 im
279 3751 360 3815 such
382 3772 423 3813 an
446 3750 550 3814 seiner
571 3748 736 3832 reohnung
758 3769 817 3833 gar
840 3747 889 3811 nit
911 3747 1039 3832 ges-silet.

300 3852 509 3938 Dergleiohen
541 3853 615 3918 weis
638 3852 673 3917 Ε.
698 3852 742 3917 Μ.
775 3874 826 3916 am
856 3852 984 3930 besten,
1018 3852 1076 3916 wie
1108 3850 1174 3914 sich
1213 3846 1359 3934 volgends

212 3957 312 4043 Bupst
335 3957 546 4022 Clemensim
568 3958 676 4022 selben
699 3958 799 4044 krieg,
823 3979 923 4043 gegen
948 3957 984 4022 Ε.
1008 3956 1052 4020 Μ.
1077 3955 1224 4039 erzeiget,
1248 3954 1310 4018 wie
1329 3972 1359 4016 er

211 4064 271 4129 offt
292 4062 497 4149 gewnnokelt,
521 4063 601 4127 auch
623 4063 692 4127 anff
712 4064 822 4127 beiden
845 4064 945 4126 seiten
961 4060 1156 4148 gesohliffen,
1179 4058 1246 4123 und
1262 4058 1359 4122 einen

208 4170 301 4255 jeden
324 4168 405 4233 theil
427 4172 503 4254 gdte
526 4174 607 4233 wort
630 4170 731 4254 geben
754 4169 828 4248 hat,
861 4169 920 4234 wie
943 4190 976 4233 er
999 4189 1070 4231 zum
1092 4167 1227 4245 letsten,
1259 4162 1295 4228 11.
1320 4160 1358 4227 Μ.

212 4277 273 4341 den
289 4275 491 4361 kriegszettel
507 4275 696 4355 zdsohioket,
714 4275 777 4339 und
794 4275 997 4340 feindsohafft
1012 4271 1233 4357 verldindiget.
1270 4269 1358 4342 Item,

213 4381 271 4449 wie
293 4380 330 4453 Ε.
354 4386 398 4452 Μ.
423 4387 497 4451 inen
520 4408 576 4450 uns
599 4387 654 4452 der
676 4385 861 4472 gefenoknis
883 4384 945 4448 1111
967 4383 1087 4470 geben,
1120 4378 1187 4443 und
1210 4379 1244 4442 in
1269 4376 1359 4442 ollem
