2850 5018
613 356 675 417 225
747 370 751 377 '

60 526 139 587 sunt
162 524 263 608 aliqui
285 528 317 588 et
342 530 456 589 curant
479 527 555 610 quid
579 527 723 595 homines
747 535 854 613 agant.
901 528 934 594 Si
955 531 1037 595 nulli
1060 536 1136 595 sunt
1162 537 1217 597 aut

60 630 87 692 si
112 651 179 693 non
203 629 378 713 respiciunt
401 653 449 696 res
474 631 649 712 hominum,
684 634 766 699 nihil
789 635 902 712 refert,
938 636 1217 721 quomodocunque

59 734 215 798 vivamus.
262 732 319 798 Sin
343 738 448 800 autem
470 740 564 815 sunt,
598 742 629 800 et
661 739 829 803 intuentur
862 743 971 804 nostra
1001 741 1102 820 facta,
1134 747 1217 807 certe

60 839 188 923 placare
211 860 378 922 possumus
400 861 453 904 eos
468 841 607 921 victimis
623 847 654 907 et
670 844 841 924 sacrificiis,
866 844 941 928 quia
956 849 1032 910 sunt
1046 846 1216 930 placabiles

60 948 93 1009 et
116 943 304 1022 exorabiles,
328 948 364 1008 ut
386 949 434 1009 est
457 945 491 1009 in
515 949 674 1012 communi
697 949 840 1015 omnium
863 971 1017 1014 sermone.

151 1047 353 1133 Colloquium
375 1049 461 1114 istud
484 1054 542 1128 cst,
565 1054 602 1116 ut
617 1052 766 1131 diximus
790 1054 962 1132 ethnicum,
987 1059 1019 1119 et
1034 1055 1216 1121 confutatur

60 1155 231 1221 aSocrate
253 1158 378 1238 postea,
411 1154 466 1218 sed
489 1155 596 1220 eadem
619 1161 667 1220 est
689 1159 782 1242 plane
805 1159 888 1223 ratio
918 1159 1113 1243 pontificum.
1159 1160 1216 1225 Et·

60 1261 197 1325 enimsi
221 1258 393 1323 voluissent
416 1259 522 1325 officio
545 1260 656 1346 fungi,
681 1264 763 1347 quod
788 1264 921 1341 debent,
955 1269 986 1329 et
1009 1265 1096 1348 cujus
1118 1264 1215 1329 titulo

60 1365 137 1430 freti
159 1368 267 1429 tantas
289 1363 430 1429 retinent
452 1365 674 1449 possessionen,
694 1367 761 1450 jam
785 1369 977 1452 oportuisset
999 1390 1050 1433 eos
1068 1370 1214 1448 docendo,

61 1470 230 1548 monendo,
254 1469 459 1546 emendando,
484 1471 580 1534 variis
603 1474 635 1534 et
657 1472 888 1556 multiplicibus
912 1473 1097 1538 ministeriis
1114 1475 1215 1538 maxi-

61 1598 128 1641 mos
151 1575 240 1640 obire
263 1573 397 1651 labores,
425 1574 560 1638 tolerare
583 1574 700 1639 multas
724 1577 861 1662 vigilien,
885 1577 927 1661 [Τ
936 1578 998 1662 iiij]
1022 1599 1215 1663 concoquere

61 1683 157 1768 longa
185 1679 299 1757 taedia,
334 1679 402 1762 pati
433 1679 640 1744 contumelias
671 1681 910 1766 improborum,
945 1688 977 1747 et
999 1705 1057 1766 pro
1081 1684 1213 1748 summis

62 1786 220 1852 beneficiis
244 1784 335 1848 adfici
358 1784 482 1868 probris
506 1788 602 1867 atque
617 1785 777 1865 conviciis,
801 1786 834 1849 in
860 1787 932 1851 vitae
955 1808 1079 1870 quoque
1102 1789 1213 1854 discri-

61 1893 144 1957 mine
167 1912 232 1955 non
255 1909 328 1952 raro
350 1889 485 1968 versari,
516 1889 598 1971 quod
629 1889 690 1973 piis
720 1891 808 1954 verbi
839 1891 1019 1956 doctoribus
1049 1893 1213 1977 proprium

63 2000 116 2064 est.
164 1995 242 2060 Haec
264 1993 395 2076 inquam
418 1993 524 2057 omnia
546 1994 708 2058 subeunda
732 1995 865 2060 fuissent
888 1996 948 2073 eis,
973 2018 1031 2060 nec
1056 1997 1087 2060 id
1111 1998 1213 2077 mod0,

62 2103 109 2166 sed
134 2101 173 2165 de
196 2100 306 2183 quavis
330 2099 435 2183 potius
458 2121 492 2163 re
516 2098 722 2183 cogitandum
745 2101 790 2164 eis
811 2100 924 2165 fuisset
947 2102 1101 2185 quamde
1128 2125 1213 2168 com-

61 2205 209 2290 parandis
231 2204 361 2289 opibus,
385 2204 539 2268 vixissent
561 2205 705 2269 contenti
728 2205 878 2269 mediocri
900 2207 1052 2289 tenuique
1074 2207 1212 2272 fortuna.

63 2311 120 2377 Sed
150 2332 274 2395 quaere,
310 2309 365 2392 qui
393 2309 590 2392 respondeat.
637 2308 828 2374 Pontificum
863 2315 946 2384 certe
976 2334 1147 2398 generosus
1179 2317 1237 2376 et·

61 2418 232 2482 immensus
266 2415 389 2479 animus
422 2415 504 2479 hanc
536 2413 721 2479 servitutem
756 2419 789 2479 et
811 2416 917 2479 sordes
941 2438 981 2481 ne
1005 2418 1119 2500 dignas
1143 2418 1213 2500 qui-

61 2523 127 2587 dem
153 2543 220 2587 esse
242 2523 353 2604 putat,
377 2519 551 2602 dequibus
575 2519 702 2604 cogitet.
743 2519 888 2584 Platonis
912 2521 1037 2605 potius,
1061 2521 1213 2587 19111111-

60 2628 164 2694 manti
184 2626 376 2693 sententiam
399 2624 613 2708 recipiendam
636 2645 703 2689 esse
723 2629 848 2709 putant.
880 2625 1019 2691 Virtutis
1036 2632 1067 2691 et
1082 2648 1213 2692 summae

630 2745 648 2784 1

60 2836 139 2901 nach
163 2835 399 2902 menschlichen
424 2834 553 2919 dingen,
578 2835 652 2898 oder
675 2834 750 2898 aber
773 2856 804 2898 es
828 2833 899 2921 sind
922 2838 988 2919 got,
1013 2835 1077 2899 und
1101 2859 1211 2901 nemen
1272 2888 1275 2893 ⁴

58 2941 123 3006 sich
146 2940 377 3006 menschlicher
401 2941 479 3025 ding
502 2963 551 3004 an.
599 2939 677 3005 Sind
702 2963 745 3003 nu
768 2939 860 3003 keine
884 2944 956 3023 gat,
992 2941 1066 3003 oder
1099 2962 1211 3004 nemen

58 3047 101 3111 sie
123 3047 193 3111 sich
215 3067 311 3118 unser
334 3044 439 3110 nichts
463 3069 513 3124 an,
538 3068 572 3110 so
595 3047 673 3131 gilts
695 3045 800 3131 gleich
823 3067 886 3109 was
902 3044 960 3108 wir
980 3044 1093 3109 thund.
1131 3044 1211 3109 Sind

58 3153 131 3217 aber
154 3157 220 3238 gae,
244 3152 311 3216 und
333 3152 435 3216 haben
461 3153 529 3216 auff
547 3174 659 3216 uasere
675 3151 778 3215 werck
800 3150 851 3214 ein
875 3149 1062 3226 auffsehenS,
1089 3171 1123 3213 so
1147 3151 1211 3214 kan

55 3280 128 3322 man
152 3258 198 3321 sie
217 3258 277 3321 mit
292 3257 395 3342 gabea
411 3257 476 3321 und
493 3257 738 3341 brandopfferen
751 3253 924 3319 widerumb
940 3260 1104 3333 versdnen,
1129 3256 1211 3319 denn

56 3361 100 3426 sie
124 3362 199 3426 sind
221 3361 399 3426 versbnlioh
424 3363 488 3429 und
512 3362 670 3439 erbitlich,
695 3361 755 3426 wic
778 3383 852 3425 maa
875 3362 956 3444 sagt.
1172 3349 1174 3352 ’

143 3466 202 3532 Dis
225 3467 267 3530 ist
289 3467 341 3531 ein
364 3465 540 3530 Heidaisch
562 3464 737 3551 gesprach,
770 3464 827 3527 wie
859 3464 1054 3549 obengesagt
1078 3462 1213 3548 (wiewol

55 3595 86 3637 es
110 3572 166 3637 der
189 3571 332 3637 Socrates
355 3572 500 3657 folgends
523 3571 703 3655 widerlegt)
736 3571 811 3634 aber
841 3568 917 3632 umb
941 3568 1001 3633 den
1024 3561 1125 3633 Babst
1147 3569 1212 3632 und

56 3678 167 3742 seinen
198 3677 328 3762 anhang
360 3677 432 3740 hats
464 3677 542 3741 eben
565 3677 634 3741 eine
658 3674 762 3740 solche
785 3675 912 3759 gestalt.
960 3673 1054 3738 Denn
1079 3673 1134 3736 het
1158 3675 1212 3737 der

55 3783 128 3865 [53]
153 3782 255 3847 Babst
277 3783 377 3847 sollen
399 3782 482 3847 from
505 3783 571 3847 und
602 3780 786 3865 auffrichtig
819 3781 901 3858 sein,
935 3801 970 3842 so
1001 3777 1057 3842 het
1087 3800 1122 3842 er
1149 3779 1210 3842 mit

54 3887 226 3972 predigen,
250 3887 353 3966 leren,
385 3888 450 3952 und
475 3888 612 3952 anderen
636 3886 800 3962 diensten,
834 3883 880 3948 vil
903 3877 997 3946 miihe
1020 3882 1084 3946 und
1108 3883 1212 3947 arbeit

54 3991 178 4070 haben,
214 3991 280 4055 und
313 3993 380 4055 auff
409 3993 503 4057 erden
527 3994 633 4058 niehts
654 3991 810 4077 weniger,
844 3991 928 4054 donn
953 3988 1033 4052 nach
1056 3992 1115 4073 gut
1138 3991 1213 4054 oder

55 4095 172 4162 bracht
195 4096 336 4161 dencken
361 4119 497 4163 mussan.
536 4093 601 4161 Das
625 4097 667 4161 ist
690 4118 733 4158 nu
757 4095 859 4158 einem
878 4094 971 4177 jeden
995 4093 1044 4156 nit
1067 4093 1210 4178 gelegen,

54 4202 176 4267 meinct
198 4224 249 4279 er,
273 4201 331 4265 hat
353 4202 506 4267 demnach
530 4202 595 4267 dise
618 4202 804 4266 Theoricam
826 4198 993 4275 Platonis,
1028 4199 1078 4261 ins
1110 4198 1211 4262 werck

54 4307 122 4370 und
145 4306 290 4389 practiclr
313 4307 467 4391 gestellet.
515 4305 581 4371 Hat
614 4307 656 4370 im
689 4304 779 4368 einen
814 4303 922 4367 schein
955 4303 1008 4366 der
1030 4304 1211 4388 gerachtig-

56 4412 127 4476 keit
151 4412 215 4475 und
240 4411 391 4476 fromkeit
414 4415 596 4498 angemast,
619 4412 686 4475 also
709 4411 763 4474 das
785 4432 859 4474 man
882 4408 1006 4486 nichtS,
1031 4409 1115 4473 darm
1138 4409 1212 4473 eitel

114 4530 240 4576 smuanu·
970 4514 1004 4575 15
