2850 5018
764 308 825 370 186

216 476 397 545 thesaurus:
430 479 582 566 largitum
612 500 678 543 esse
699 478 801 543 Deum
825 478 967 563 pontifici
990 481 1057 543 tam
1079 477 1248 561 profanam
1270 499 1361 560 quam

216 581 458 649 ecclesiasticam
480 589 686 668 potestatem,
719 586 774 650 ubi
800 586 944 670 loquitur
964 586 1003 649 ad
1027 584 1159 650 Petrum
1181 585 1220 649 de
1243 584 1361 648 duobus

215 687 341 773 gladiis.
372 688 462 753 Tunc
477 693 509 754 et
524 690 602 754 illud
625 692 782 756 sancitum
805 690 866 754 fuit
889 693 984 773 atque
1007 690 1166 754 memoriae
1188 689 1358 772 proditum,

216 792 399 877 pontificem
421 816 488 859 esse
510 817 575 859 non
597 796 724 880 imperii
746 800 882 874 tantum,
906 795 961 859 sed
983 799 1015 859 et
1037 795 1137 859 totius
1158 794 1247 859 orbis
1263 794 1361 859 domi·

216 918 303 974 num,
326 901 359 961 et
381 920 470 985 reges
491 922 600 965 omnes
623 901 734 965 debere
758 902 862 985 ipsum
884 900 983 964 veluti
1005 921 1189 983 supremum
1212 899 1246 963 in
1271 900 1360 962 terris

216 1003 439 1088 magistratum
471 1027 647 1091 agnoscere.
695 1005 924 1071 Testimonium
956 1004 1156 1070 adferebatur
1179 1025 1197 1066 e
1219 1004 1361 1086 psalmis,

216 1106 272 1170 ubi
293 1107 450 1191 propheta
471 1111 577 1195 regius
599 1111 654 1188 ait,
678 1111 808 1176 Domini
840 1132 905 1175 esse
936 1114 1040 1174 totum
1062 1112 1221 1173 terrarum
1244 1109 1360 1186 orbem,

217 1233 280 1295 quo
303 1213 429 1295 quidem
452 1236 490 1278 ex
511 1213 580 1280 loco
604 1216 713 1281 dicunt
734 1215 831 1280 talem
848 1215 917 1279 fieri
928 1214 1168 1323 pyllogismum:
1192 1214 1221 1278 si
1237 1213 1363 1277 Domini

217 1319 266 1380 est
287 1320 382 1396 terra,
406 1340 481 1404 crgo
501 1320 596 1384 etiam
620 1325 669 1385 est
690 1322 767 1403 ejus,
791 1321 846 1405 qui
867 1321 968 1384 vicem
990 1320 1075 1404 gerit
1097 1319 1239 1384 Domini.

217 1420 270 1487 Ita
291 1424 390 1488 crevit
412 1424 553 1511 ipsorum
575 1426 705 1493 audacia
727 1426 906 1491 mirandum
930 1425 964 1489 in
985 1424 1124 1489 modum.
1162 1423 1282 1509 Liquet
1305 1424 1362 1507 igi·

217 1529 271 1591 tur
291 1549 329 1591 ex
344 1528 406 1606 his,
428 1551 498 1613 quae
513 1531 647 1597 recitata
661 1535 745 1611 sunt,
764 1531 986 1616 jusjurandum
1002 1529 1082 1595 illud
1096 1530 1263 1608 sollemne,
1285 1529 1362 1612 qnod

218 1653 304 1697 nunc
337 1633 369 1698 iu
404 1637 659 1701 consuetudinem
694 1637 900 1702 necessariam
934 1658 970 1700 ac
1002 1656 1100 1719 prope
1133 1638 1364 1699 sacrosanctam

219 1735 317 1815 abiit,
341 1738 520 1805 stabilitum
542 1762 608 1806 esse
630 1742 769 1825 primum
791 1742 831 1806 ab
853 1740 984 1805 Henrici
1006 1738 1137 1805 Caesaris
1159 1738 1364 1823 temporibus,

220 1843 276 1926 qui
298 1864 416 1928 magna
438 1846 640 1911 contentione
662 1847 879 1932 repugnabat,
908 1866 1011 1928 neque
1039 1843 1165 1908 frenum
1191 1843 1279 1909 istud
1300 1843 1366 1926 pati

218 1947 321 2013 voluit
341 1947 403 2012 sibi
425 1949 521 2033 injici

309 2050 396 2117 Num
419 2059 497 2118 verc'
514 2056 615 2138 majus
646 2061 702 2120 aut
735 2055 890 2121 illustrius
922 2055 1112 2138 requirimus
1145 2052 1367 2117 testimonium

220 2179 316 2243 quam
339 2158 429 2237 illud,
453 2161 536 2243 quod
557 2165 631 2245 post
654 2161 785 2227 Henrici
801 2161 937 2226 ,Caesaris
960 2163 1094 2224 mortem
1116 2158 1258 2223 accidit?
1292 2156 1369 2220 Erat

784 2318 803 2357 ᾗ

223 2439 318 2521 [192]
339 2438 637 2503 Demandous·nous
653 2441 870 2524 tesmoignage
884 2440 956 2523 plus
972 2440 1073 2525 grand
1088 2460 1129 2502 ou
1144 2439 1217 2521 plus
1233 2438 1370 2512 evident,

222 2563 283 2627 que
305 2542 396 2628 celuy
419 2543 473 2627 qui
506 2543 597 2608 avint
625 2565 717 2626 apres
748 2544 778 2609 le
807 2548 928 2627 trespas
957 2543 994 2607 de
1016 2542 1213 2627 l'Empereur
1236 2542 1371 2626 Henry?

787 2698 804 2737 ss

223 2823 294 2906 [46]
318 2823 387 2887 Mas
410 2843 471 2905 que
493 2845 603 2907 maycr
623 2847 645 2907 y
668 2845 735 2887 mas
758 2820 870 2885 ilustre
892 2819 1074 2884 testimonio
1098 2840 1264 2901 queremos
1297 2839 1374 2900 para

222 2931 291 2992 esto
313 2950 373 3011 que
395 2928 427 2991 lo
450 2950 511 3011 quo
533 2927 655 2992 acaccio
677 2928 809 3011 despuas
831 2925 869 2989 de
891 2925 923 2988 la
945 2929 1066 2989 muerte
1088 2924 1175 2986 <leste
1189 2921 1373 2986 Henrrico‘l

787 3082 804 3121 ss

223 3208 341 3293 geben,
372 3207 437 3271 und
460 3209 623 3291 zugeeiget
644 3207 719 3284 hat,
755 3205 795 3270 da
817 3227 851 3269 er
872 3207 945 3288 sagt
967 3205 1006 3267 nd
1029 3199 1059 3266 S.
1084 3200 1196 3279 Peter,
1228 3200 1272 3266 Es
1294 3222 1377 3265 were

221 3317 312 3397 gniig
333 3313 394 3377 mit
415 3313 529 3376 zweien
552 3311 736 3376 schwerten.
782 3309 832 3373 Da
854 3309 958 3372 warde
992 3305 1191 3370 beschlossen
1222 3306 1289 3370 und
1319 3326 1377 3390 ge·

223 3421 342 3493 sebast,
378 3418 433 3481 das
467 3439 502 3481 er
535 3417 587 3479 des
621 3412 861 3479 Keiserthumbs
892 3413 957 3476 und
983 3412 1039 3474 der
1060 3413 1198 3495 gantzen
1221 3410 1299 3474 welt
1321 3410 1375 3474 ein

224 3521 298 3586 herr
320 3523 372 3599 ist,
396 3523 461 3586 und
476 3522 531 3585 das
546 3520 608 3585 alle
622 3519 822 3595 Potentaten,
847 3516 902 3579 das
925 3516 1017 3580 leben
1040 3537 1101 3579 von
1125 3515 1170 3579 im
1192 3514 1378 3598 emplahen,

224 3627 306 3693 nach
328 3627 505 3713 anzeigung
528 3625 580 3688 des
603 3623 735 3708 sprucbs
757 3622 802 3685 im
822 3619 955 3697 Psalter,
978 3620 1037 3684 Dic
1060 3621 1132 3684 erdo
1155 3619 1198 3682 ist
1220 3618 1276 3681 des
1293 3617 1379 3681 Her·

223 3753 290 3796 ren.
328 3731 369 3796 So
391 3731 436 3794 sie
459 3731 542 3794 dann
566 3728 619 3793 des
643 3727 764 3792 Horren
789 3727 841 3804 ist,
863 3726 977 3810 gehbrt
1000 3727 1045 3790 sie
1068 3725 1149 3789 auch
1170 3725 1293 3788 seincm
1315 3721 1378 3786 Vi-

225 3837 330 3902 carien
353 3835 418 3899 und
440 3835 607 3899 stathalter
630 3837 677 3910 zu,
703 3835 761 3896 etc.

316 3939 445 4004 Solcher
477 3939 596 4024 gestalt
628 3937 731 4000 haben
765 3934 833 3998 sich
866 3934 916 3998 die
947 3932 1061 3998 sachen
1091 3931 1136 3995 im
1167 3931 1282 3995 Keiser
1312 3929 1380 3993 und

226 4045 425 4132 Bapsthumb
440 4047 641 4129 adgetragen.
678 4041 801 4104 Daraus
825 4039 909 4102 daun
932 4036 1068 4100 kl'arlich
1091 4059 1142 4100 am
1165 4040 1222 4120 tag
1244 4034 1299 4112 ist,
1323 4035 1380 4097 das

226 4152 281 4217 der
301 4151 370 4228 Eid,
395 4150 453 4213 wie
476 4171 509 4212 er
532 4147 659 4232 heutigs
682 4149 753 4228 tags
776 4145 818 4208 im
843 4143 962 4208 brauch
985 4143 1029 4206 ist
1052 4144 1115 4207 und
1139 4142 1261 4228 gethon
1284 4135 1378 4215 wilrt,

226 4258 343 4322 seither
366 4254 561 4341 obgemelter
576 4252 688 4317 Keiser
703 4248 867 4326 Heinrich,
892 4249 947 4311 der
969 4247 1139 4312 denselben
1156 4251 1195 4312 zd
1210 4245 1295 4310 thun
1309 4243 1378 4308 sich

225 4364 354 4451 wegort,
377 4360 436 4424 wie
458 4357 627 4444 obgemelt,
649 4355 832 4422 auffkomen
854 4353 906 4416 ist.
