2850 5018
682 347 743 417 148

137 536 230 616 capto
254 530 472 607 eonstituisti,
507 527 599 591 claris
630 527 733 592 verbis
764 527 824 591 hoc
853 526 1008 591 insertum
1042 533 1090 593 est
1120 529 1209 594 inter
1230 531 1290 596 alia

136 637 263 702 foederis
286 635 399 719 capita,
424 633 503 698 velle
519 654 574 696 vos
589 634 766 716 conjunctis
789 633 910 696 viribus
933 631 1149 698 Lutheranam
1173 639 1289 700 sectam

137 741 269 806 evellere
292 745 392 805 totam
416 743 449 803 et
471 738 639 820 extirpare.
679 737 799 823 Magna
813 738 877 802 fuit
899 738 966 803 haec
989 760 1064 804 saue
1086 741 1290 825 conspiratio,

137 868 239 930 neque
261 846 460 910 mediocriter
483 844 714 908 extimescenda
738 843 857 908 multis.
907 843 989 921 Quid
1013 848 1121 909 autem
1145 851 1195 911 est
1218 867 1289 911 con·

136 952 303 1016 secutum?
348 949 434 1013 Deus
457 949 574 1013 iterum
606 949 722 1030 objecit
754 949 920 1033 clypeum,
956 971 1050 1032 quem
1074 949 1166 1014 nulla
1188 951 1288 1036 cuspis

135 1056 389 1121 transverberare
412 1054 526 1136 potuit.
560 1053 642 1116 Nam
667 1054 723 1117 illa
746 1057 912 1136 tantopere
928 1057 1054 1138 captate
1070 1055 1291 1120 benevolentia

135 1182 199 1224 non
222 1160 329 1243 potuit
351 1159 533 1236 coalescere,
558 1158 612 1221 sed
637 1157 732 1241 paulo
755 1162 837 1241 post·
853 1157 991 1221 dissiliit.
1024 1159 1291 1245 Redintegratum

135 1269 184 1329 est
206 1265 345 1342 bellum,
369 1286 433 1348 quo
455 1264 500 1327 sic
523 1263 668 1346 impediti
691 1263 798 1327 fuistis
822 1264 934 1341 ambo,
967 1268 1003 1327 ut
1025 1263 1190 1328 decretum
1212 1263 1290 1327 illud

135 1379 297 1447 vestrum,
332 1391 449 1455 magno
485 1369 695 1453 plurimorum
729 1374 849 1433 terrore
883 1371 1081 1453 propositum
1111 1373 1146 1433 11
1176 1368 1290 1432 foedere

135 1476 303 1552 sancitum,
326 1477 391 1539 vim
414 1496 539 1538 ornnem
557 1475 727 1538 amitteret.
760 1473 821 1538 Sed
837 1497 873 1538 eo
892 1496 957 1538 non
973 1475 1128 1552 contenti,
1152 1473 1289 1538 triennio

135 1586 227 1663 post,
252 1600 322 1643 eum
347 1601 429 1643 nova
451 1579 564 1643 fuisset
586 1579 668 1642 inita
691 1579 813 1663 pactio,
836 1584 932 1662 caput
954 1571 1033 1643 illud
1057 1580 1188 1644 foederis
1211 1579 1287 1643 idem

136 1685 308 1768 repetitum
331 1683 393 1747 fuit
416 1706 434 1747 a
457 1684 555 1761 vobis,
580 1689 611 1747 et
635 1684 694 1748 hoo
715 1684 846 1768 insuper
868 1684 1021 1762 additum,
1054 1684 1288 1769 impetrandam

138 1812 204 1854 esse
227 1812 245 1852 a
269 1789 418 1873 pontifice
442 1789 586 1852 Romano
608 1789 712 1865 illam,
738 1811 833 1872 quam
857 1789 919 1874 ipsi
942 1795 1072 1868 vocant,
1106 1790 1288 1866 cruciatam,

139 1899 171 1960 et
193 1895 252 1959 hac
275 1894 398 1958 ratione
413 1894 623 1979 colligendam
639 1894 845 1978 undecunque
861 1897 1037 1977 pecuniam,
1061 1895 1164 1960 veluti
1180 1916 1289 1959 nervos
1307 1906 1310 1912 '

135 2000 237 2064 futuri
252 2001 328 2064 belli
343 2004 408 2064 tarn
426 2001 590 2064 adversum
602 1999 802 2064 Lutheranos
814 2023 908 2083 quam
922 2001 953 2063 in
965 2001 1102 2065 Turcam
1116 1999 1287 2065 Christiani

135 2106 275 2170 nominis
299 2106 431 2170 hostem.

135 2211 323 2295 Compositis
340 2211 440 2295 igitur
454 2211 556 2287 bellis,
581 2211 613 2274 in
628 2209 831 2275 Germaniam
852 2212 954 2276 denuo
971 2212 1099 2290 venisti,
1124 2212 1285 2276 dissidium

135 2317 249 2382 hocin
274 2316 429 2401 religione
450 2321 557 2380 ortum
581 2317 755 2381 sedaturus.

702 2437 720 2476 a

135 2526 216 2591 nach
248 2527 317 2590 dem
341 2524 561 2589 Wormisehen
592 2526 791 2611 obgemelten
815 2527 964 2606 Mandat,
999 2529 1100 2593 neben
1131 2529 1283 2605 anderen,

134 2631 218 2695 diser
240 2629 385 2694 Artickel
407 2628 487 2693 auch
511 2630 658 2694 inseriert
680 2632 740 2709 ist,
773 2632 827 2695 das
851 2633 917 2696 sich
940 2654 1038 2697 ewere
1061 2633 1152 2697 beide
1175 2632 1284 2714 Majes-

134 2741 222 2801 teten
244 2734 437 2810 verbunden,
460 2734 596 2798 treulieh
620 2734 771 2798 einander
793 2739 832 2800 ad
854 2736 982 2815 helffen,
1006 2737 1056 2801 die
1080 2736 1285 2801 Lutherische

134 2844 317 2925 verdampte
348 2839 481 2903 hetzerei
512 2841 577 2903 und
607 2838 697 2917 Seot,
734 2845 964 2906 auszdreutten.
1010 2842 1060 2907 Da
1087 2842 1146 2908 hat
1177 2841 1212 2906 E.
1243 2839 1284 2904 11.

133 2951 202 3012 111111
227 2946 357 3010 zweiten
380 2945 443 3008 mal
468 2944 678 3029 angelauffen.
726 2944 790 3010 Das
820 2969 885 3011 war
914 2969 980 3011 nun
1003 2948 1055 3011 ein
1078 2969 1207 3033 grosser
1229 2969 1283 3011 an-

133 3051 264 3135 sohlag,
298 3050 352 3113 der
384 3048 495 3113 billich
525 3049 615 3113 einen
640 3050 732 3133 jeden
756 3051 813 3114 hat
842 3059 956 3138 mdgen
985 3054 1165 3118 schrecken.
1212 3051 1284 3116 Wie

133 3156 191 3219 ists
215 3156 290 3220 aber
311 3157 462 3240 gangen?
507 3154 584 3219 Gott
617 3156 674 3220 hat
706 3157 756 3220 die
784 3157 869 3221 hand
893 3158 1066 3222 widerumb
1089 3158 1283 3241 dro[ll]ben

133 3259 293 3345 gehalten.
339 3258 416 3323 Diae
438 3262 611 3325 vermeinte
634 3257 832 3327 brdderliche
855 3264 1027 3349 einigung,
1051 3264 1108 3327 hat
1130 3262 1285 3348 gerbald

134 3368 184 3431 eiu
220 3368 279 3430 end
313 3367 441 3451 gehabt.
488 3367 595 3431 Ewrer
631 3369 737 3433 beider
769 3369 955 3453 Majesteten
990 3368 1188 3455 Kiinigreich
1221 3369 1285 3433 und

134 3471 245 3549 lande,
275 3471 378 3537 haben
409 3493 443 3535 so
466 3473 509 3536 vil
533 3474 593 3536 mit
615 3475 706 3558 krieg
729 3475 868 3539 chermal
891 3479 929 3540 ad
951 3476 1032 3540 1111111
1055 3475 1195 3559 gehabt,
1231 3475 1285 3538 das

134 3577 328 3661 obgemelter
345 3577 497 3654 Artichel,
521 3580 705 3643 ausserhalh
722 3581 791 3645 dem
807 3581 909 3659 brieff,
933 3603 992 3666 gar
1006 3580 1097 3644 niohs
1113 3579 1286 3665 gewirclret

134 3681 200 3745 hat.
247 3679 319 3743 Und
343 3681 408 3744 drei
428 3681 479 3764 jar
503 3683 660 3760 darnaeh,
695 3684 742 3747 111
775 3685 825 3748 111
858 3685 955 3749 ander
977 3688 1104 3769 vertrag
1128 3683 1283 3749 awischeu

134 3785 265 3849 Eweren
290 3785 476 3868 Majesteten
499 3789 730 3872 auffgerichtet,
753 3791 839 3854 ward
862 3788 1171 3875 gemelterllrticlrel
1194 3790 1283 3853 aber·

134 3890 198 3954 mal
222 3890 424 3969 widerholet,
446 3893 478 3976 ja
501 3894 555 3956 das
579 3893 658 3958 auch
682 3895 760 3958 <laad
782 3898 937 3979 gesetzet,
965 3894 1020 3958 das
1041 3916 1116 3959 man
1140 3894 1284 3958 beidam

134 3994 235 4079 Bapst
251 3995 301 4059 die
312 3993 489 4060 Cruciatam
506 3998 656 4082 erlangen
673 4000 744 4076 solt,
769 4001 837 4084 gelt
852 4005 890 4066 111
906 3999 1035 4078 11111111,
1052 4000 1123 4063 dem
1139 3999 1284 4064 Tdroken

134 4100 323 4163 wider-stand
347 4104 384 4163 ad
407 4101 498 4178 thdn,
522 4103 587 4166 und
611 4103 660 4166 die
684 4103 789 4167 hetzer
811 4108 849 4168 ad
872 4105 1024 4189 zwingen.
1056 4104 1122 4170 Das
1142 4105 1186 4170 ist
1207 4105 1283 4170 eben

135 4203 237 4287 heftig
259 4208 366 4288 gendg
389 4206 439 4268 uff
458 4207 508 4270 die
530 4210 602 4273 sach
627 4210 822 4294 gedrungen.

223 4307 328 4372 Disem
341 4309 433 4373 allem
451 4313 541 4390 nach,
559 4314 602 4377 ist
617 4315 652 4378 Ε.
667 4314 710 4378 Μ.
728 4316 866 4379 abermal
883 4316 917 4380 in
930 4317 1144 4382 Teutschland
1160 4316 1279 4390 komen,

134 4411 191 4477 hat
213 4412 389 4498 obgemelte
412 4416 484 4479 sach
509 4418 682 4484 widerumb
704 4418 922 4506 ffirgenomen.
