2850 5018
685 370 746 433 126

136 539 170 603 in
193 545 322 624 aspectu
348 543 379 604 εὴ
406 541 505 605 oculis
528 541 671 605 omnium
696 542 871 619 hominum,
895 543 1036 608 fastuose
1056 545 1286 629 pronuntiavit,

136 666 169 709 se
192 644 343 709 Gaesarem
377 645 471 708 simul
500 650 533 709 et
565 646 747 729 pontificem
779 669 854 711 esse.
900 648 987 713 Tuus
1009 651 1126 740 etiam,
1149 649 1289 715 Joannes

136 749 313 829 llriderice,
352 755 504 834 patruus,
537 750 681 815 Saxoniae
714 752 777 816 dux
813 752 1009 832 Friderieus,
1044 759 1076 818 εὴ
1110 759 1185 838 post
1220 777 1289 818 enm

136 878 250 939 parens
284 861 377 933 tuus,
412 856 571 920 intellexit
605 878 667 920 non
700 858 851 934 obscure,
886 859 1027 942 cogitare
1061 860 1165 942 ipsos,
1201 860 1288 937 illud,

136 961 219 1044 qnod
242 960 307 1024 suis
331 961 532 1026 inseruerunt
561 962 731 1044 aliquando
765 963 898 1027 decretis
932 966 965 1026 et
996 964 1289 1039 constitutionibus,

136 1065 292 1149 perficere.
351 1066 441 1130 Pleni
480 1071 556 1131 sunt
589 1069 889 1150 jurisconsultorum
930 1071 1168 1153 pontificiorum
1204 1071 1288 1148 libri,

78 1210 82 1215 ·
136 1170 238 1253 plenae
267 1176 344 1235 sunt
365 1173 519 1255 ejusmodi
542 1195 722 1238 sermonum
746 1178 778 1237 et
804 1175 1100 1239 interminationum
1124 1176 1286 1240 contiones

136 1276 286 1359 ipsorum.
319 1276 449 1341 Habent
471 1279 530 1343 hoc
552 1279 601 1342 illi
625 1300 689 1343 non
712 1280 758 1344 ita
782 1280 903 1363 pridem
924 1281 1027 1344 emissi
1045 1281 1165 1364 dialogi
1180 1284 1285 1343 nostra

137 1383 263 1466 vulgari
292 1385 463 1467 conscripti
496 1385 629 1469 lingua,
664 1407 742 1468 quos
773 1407 811 1449 ex
839 1386 929 1449 vobis
960 1386 1090 1468 quidam
1120 1384 1284 1470 magnifice

137 1489 310 1570 praedicant
332 1490 425 1554 editis
448 1492 545 1555 etiam
568 1491 693 1555 libellis.

223 1593 300 1657 Haec
323 1595 430 1659 omnia
452 1597 542 1659 novit
564 1596 636 1674 ille,
669 1601 701 1660 et
732 1597 807 1679 quid
831 1618 960 1660 suorum
984 1596 1139 1678 majorum
1165 1596 1286 1658 decreta

138 1698 341 1781 praecipiant,
375 1721 440 1764 non
470 1701 616 1785 ignorat3
651 1706 683 1765 et
705 1703 855 1783 quoniam
891 1705 894 1784 l
929 1700 1104 1764 utilitatem
1127 1700 1286 1785 insignem

136 1801 265 1880 habent,
290 1825 361 1868 cum
384 1804 423 1868 ad
446 1806 667 1888 pontificatum
684 1806 874 1884 admittitur,
894 1803 1100 1889 jurejurando
1116 1804 1288 1888 promittit,

138 1929 175 1973 ea
198 1931 230 1973 se
253 1909 424 1995 diligenter
453 1912 700 1975 observaturum.
747 1910 779 1975 Si
810 1911 989 1974 dissimulat
1020 1910 1134 1986 hodie,
1168 1911 1196 1974 si
1227 1931 1287 1973 non

136 2017 204 2078 tam
226 2013 409 2096 frequenter
432 2014 551 2099 allegat
574 2015 630 2079 illa
652 2014 796 2093 fortasse,
821 2037 916 2098 quam
940 2017 1004 2078 tres
1028 2013 1096 2091 illi,
1127 2015 1184 2095 qui
1215 2034 1286 2096 pro-

137 2121 221 2186 xime
242 2121 348 2204 ipsum
371 2123 623 2197 antecesserunt,
659 2120 738 2184 facit
766 2121 846 2198 hoc,
881 2119 1079 2204 temporibus
1103 2117 1286 2194 inserviens,

137 2225 269 2292 callidus
293 2225 377 2288 enim
402 2228 450 2287 est
469 2227 643 2303 veterator,
678 2226 730 2288 sed
754 2225 883 2288 dubium
907 2228 1059 2300 nonest,
1092 2222 1171 2305 quin
1195 2221 1286 2286 vehe-

135 2331 331 2397 mentissime
354 2331 477 2415 cupiat,
508 2329 588 2393 illud
619 2352 652 2394 se
675 2350 766 2414 posse
788 2329 959 2405 conficere,
992 2329 1075 2413 quod
1099 2332 1131 2392 et
1154 2327 1285 2410 majores

135 2438 236 2522 ipsius
265 2436 518 2514 constituerunt,
551 2440 584 2499 et
614 2436 698 2518 quud
727 2437 793 2519 ipse
821 2434 1015 2518 praecipuum
1039 2455 1106 2497 esse
1127 2433 1216 2497 videt
1238 2453 1285 2494 re·

136 2543 274 2606 tineudae
296 2563 359 2605 suae
381 2540 548 2626 dignitatis
571 2540 855 2626 propugnaculum.
902 2539 946 2603 Ut
976 2544 1081 2602 autem
1110 2539 1195 2621 quod
1220 2536 1285 2601 vult

136 2650 369 2729 consequatur,
405 2645 631 2710 difficillimum
662 2668 728 2710 esse
759 2646 865 2722 videt,
900 2666 936 2709 ac
964 2643 1099 2708 fortasse
1131 2642 1284 2726 desperat,

138 2751 234 2815 aliam
257 2753 364 2834 itaque
386 2752 469 2816 viam
492 2752 689 2836 ingreditur:
720 2751 885 2815 exacerbat
906 2750 1039 2826 animos,
1063 2749 1122 2812 alit
1145 2748 1283 2825 dissidia,

137 2880 194 2923 nec
216 2859 249 2921 in
274 2879 309 2921 eo
331 2857 499 2940 quicquam
521 2857 757 2940 praetermittit3
782 2857 828 2920 ita
850 2856 994 2919 futurum
1011 2858 1127 2938 sperat,
1151 2865 1188 2917 ut
1205 2852 1285 2937 quod

136 2963 167 3026 vi
191 2962 314 3045 assequi
337 2984 400 3026 non
423 2966 539 3044 potest,
563 2966 631 3025 arte
647 2961 790 3044 perficiat
805 2966 836 3024 et
852 2960 986 3037 insidiis,
1011 2960 1083 3021 dum
1101 2979 1138 3020 eo
1154 2960 1284 3039 spectat,

119 3073 172 3132 -ut
195 3068 375 3146 Germania,
400 3067 545 3132 civilibus
577 3088 728 3131 concussa
750 3065 860 3142 bellis,
895 3065 992 3128 robur
1022 3069 1054 3126 et
1086 3063 1283 3147 splendorem

136 3195 260 3238 omnem
294 3174 387 3237 amitt
408 3177 430 3236 t.
485 3172 613 3236 Summa
646 3172 747 3255 igitur
780 3171 947 3255 diligentia
977 3168 1208 3251 providendum
1242 3172 1286 3228 est

135 3279 243 3357 vobis,
276 3279 485 3342 illustrissimi
508 3277 671 3360 Principes
702 3297 738 3339 ac
760 3274 915 3352 Ordines,
950 3297 989 3337 ne
1020 3295 1115 3356 qnam
1146 3272 1173 3334 ei
1198 3275 1285 3354 pate·

135 3383 259 3447 faciatis
282 3384 469 3468 ampliorem
491 3383 596 3460 viam,
631 3383 669 3445 ad
699 3403 753 3445 vos
787 3379 984 3464 penetrandi.
1032 3378 1156 3442 Videtis
1188 3378 1222 3440 in
1253 3395 1285 3439 eo

134 3489 398 3571 perfectissimum
421 3488 600 3572 tyrannidis
623 3486 792 3570 exemplar.
838 3485 969 3548 Duabus
996 3484 1126 3548 omnino
1151 3482 1282 3547 rationi·

135 3595 205 3673 bns,
228 3594 294 3657 fere
317 3593 501 3669 contrariiS,
533 3594 666 3677 gradum
697 3596 792 3673 atque
815 3591 918 3653 locum
940 3611 1032 3651 suum
1054 3589 1187 3671 tyranni
1210 3609 1283 3651 con·

135 3703 273 3764 servant.
319 3697 408 3761 Inest
442 3702 548 3761 autem
582 3698 614 3760 in
645 3702 779 3780 utraque
811 3700 844 3758 et
874 3694 963 3756 dolus
997 3699 1030 3756 et
1063 3691 1227 3756 simulatio
1256 3696 1284 3753 et

137 3804 269 3868 malitia.
308 3801 391 3866 Nam
415 3806 448 3866 et
470 3803 664 3885 potentiores
688 3800 808 3864 vicinos
830 3804 924 3881 atque
947 3798 1029 3862 cives
1053 3797 1233 3873 debilitant,
1257 3802 1285 3858 et

136 3908 345 3993 prudentibus
368 3907 570 3984 insidiantur,
594 3910 626 3969 et
648 3927 774 3989 operam
789 3903 876 3979 dant,
900 3924 939 3964 ne
963 3907 1045 3965 recte
1068 3901 1212 3965 homines
1236 3902 1282 3963 in·

61 4098 63 4103 ,
135 4016 320 4091 stituantur,
344 4019 376 4077 et
398 4013 551 4077 factiones
575 4012 682 4086 alunt,
715 4015 747 4074 et
769 4010 893 4092 plebem
916 4030 986 4072 cunr
1009 4009 1178 4071 nobilitate
1203 4029 1283 4070 com-

134 4123 278 4200 mittunt,
302 4127 334 4184 et
355 4120 511 4184 amicitias
534 4119 698 4194 dirimunt,
723 4122 755 4179 et
777 4115 872 4179 variis
895 4113 1031 4197 negotiis
1056 4117 1205 4176 exercent
1230 4133 1282 4195 po·

133 4228 262 4308 pulum,
299 4247 338 4288 ne
371 4224 600 4308 tem[Kiij]pus
634 4227 666 4286 εὴ
697 4222 797 4284 otium
833 4220 946 4283 lrabeat
969 4219 1099 4282 ineundi
1122 4219 1283 4282 adversum

110 4332 220 4415 ipsos
244 4332 394 4407 consilia3
418 4331 545 4408 deinde,
578 4336 614 4393 ut
637 4351 733 4411 quam
756 4326 896 4410 proxime
919 4325 1086 4388 videantur
1109 4325 1149 4386 ad
1181 4323 1283 4408 legiti-

133 4459 220 4503 mum
243 4441 274 4501 et
296 4437 420 4523 regium
443 4436 640 4500 dominatum
662 4433 816 4511 accedere,
837 4452 904 4516 prae
925 4452 959 4494 se
980 4431 1106 4508 ferunt,
1138 4426 1283 4513 quicquid
