2850 5018
608 345 670 408 117

53 518 183 585 Verum
205 524 255 584 est
277 517 362 582 istud
387 522 419 583 et
441 517 651 605 agnoscimus,
674 521 779 601 patres
802 518 981 601 conscripti.
1013 515 1072 583 Sed
1095 541 1157 602 quo
1180 517 1213 583 id

55 623 195 691 consilio
219 623 363 689 fecistis?
407 606 482 689 Nou
513 624 576 688 alio
609 627 710 701 certe,
745 645 841 707 quam
867 629 903 688 ut
925 624 1100 689 evelleretis
1122 624 1213 689 illum

51 730 227 795 hominum
250 731 288 794 de
310 729 399 794 vobis
415 729 608 813 opinionem,
632 728 893 806 existimantium,
916 730 1142 812 impedimenta
1155 751 1213 812 per

55 857 107 900 ros
132 834 226 918 injici
250 838 411 918 perpetuo.
458 831 599 916 Cumque
621 854 685 897 non
709 833 910 917 ignoraretis,
933 834 1008 917 quid
1033 834 1152 918 passim
1174 833 1212 898 de

55 941 146 1006 vobis
169 939 329 1004 sentirent
351 961 469 1016 omues,
494 939 563 1002 ausi
585 939 714 1002 tandem
735 937 850 1019 fuistis,
874 940 1000 1004 concilii
1017 940 1211 1003 mentionem

55 1046 170 1112 facere.
219 1042 364 1109 Clemens
394 1045 491 1108 etiam
514 1066 597 1128 papa
619 1043 716 1108 semel
739 1066 833 1109 ausus
857 1043 920 1108 fuit
943 1048 1011 1109 toto
1034 1046 1081 1110 sui
1105 1045 1211 1128 ponti·

55 1152 169 1217 ficatus
191 1154 353 1234 tempore,
376 1149 429 1214 sed
452 1149 499 1213 ita
520 1149 704 1234 proposuit,
728 1153 764 1212 ut
787 1149 865 1212 satis
887 1149 1059 1228 indicaret,
1092 1172 1211 1215 senon

56 1256 313 1321 emendationem
345 1260 503 1338 spectare,
538 1254 592 1318 sed
625 1254 817 1319 altissimum
848 1255 950 1318 otium
973 1260 1005 1320 et
1027 1256 1211 1340 tranquilli-

54 1367 165 1428 tatem.
214 1359 266 1426 Sic
296 1360 382 1424 enim
412 1359 509 1424 habet
540 1360 606 1443 ejus
640 1360 763 1437 oratio,
798 1381 893 1442 quam
925 1383 980 1445 per
1011 1361 1132 1446 legatos
1157 1361 1211 1426 de-

57 1465 222 1532 nuntiavit
253 1465 286 1529 iu
311 1462 532 1552 Gerlmauiam.
578 1464 688 1530 Otium
718 1469 824 1529 autem
858 1466 935 1530 illud
966 1470 998 1530 et
1026 1466 1211 1549 tranquilli·

56 1575 157 1637 tatem
168 1571 329 1655 quomodo
345 1571 506 1655 cogitabat
521 1570 664 1634 stabilire
680 1570 742 1634 sibi
757 1592 882 1654 suaeque
897 1571 986 1634 sedi?
1009 1569 1211 1636 Praesedisset

56 1677 122 1761 ipse
147 1674 295 1761 cognitor
317 1681 350 1739 et
367 1675 481 1758 judex,
513 1696 625 1758 regum
646 1675 784 1758 stipatus
813 1676 926 1753 armis,
961 1680 994 1740 et
1015 1676 1210 1740 adversarios

57 1803 120 1847 non
147 1786 357 1867 agnoscentes
381 1781 487 1864 ipsum
510 1781 638 1863 ejusque
661 1782 765 1844 sedem
788 1780 1036 1845 condemnasset.
1068 1780 1137 1846 Hoc
1156 1782 1211 1846 ille

60 1886 285 1970 compendium
314 1886 497 1971 spectabat,
531 1890 562 1949 et
592 1907 647 1949 vos
670 1907 800 1969 quoque
816 1886 966 1968 spectatis
988 1885 1067 1949 illud
1091 1908 1209 1966 omnes,

60 1993 154 2056 ctiam
169 1990 223 2055 hic
234 1990 351 2055 Paulus
366 1991 488 2066 tertius,
504 1991 557 2074 qui
575 2012 647 2054 cum
662 1991 701 2054 ad
718 1990 938 2074 pontificatum
954 1991 1156 2074 pervenisset,
1173 1995 1210 2055 ut

61 2096 219 2181 specimen
243 2095 369 2178 aliquod
392 2095 518 2160 sslustre
540 2095 629 2160 daret
651 2117 714 2159 suae
737 2095 921 2178 probitatis,
946 2096 1024 2160 illud
1048 2097 1132 2180 quod
1154 2117 1210 2159 vc-

60 2206 129 2267 cant
153 2201 347 2266 breuiarium
369 2200 579 2285 repurgabat,
610 2201 727 2284 ineptis
751 2200 940 2284 quibusdam
969 2201 1085 2266 fabulis
1108 2223 1145 2265 ex
1173 2223 1209 2266 eo

61 2307 203 2372 sublatis.
247 2305 363 2370 Nonne
386 2306 561 2390 speciosum
584 2306 642 2370 hoc
664 2310 712 2370 est
735 2327 772 2370 ac
800 2328 954 2391 magnum
985 2311 1210 2392 argumentum

62 2413 164 2494 animi,
189 2434 296 2478 veram
319 2415 351 2477 et
374 2411 507 2475 solidam
531 2410 791 2476 reformationem
813 2411 1020 2476 meditantis?
1053 2410 1126 2477 Non
1151 2412 1209 2477 du·

624 2584 642 2623 ‘t‘

62 2727 177 2793 habent
199 2726 246 2790 ira
268 2725 397 2810 gethan,
420 2724 525 2791 lieben
548 2726 672 2804 herren,
697 2727 781 2790 daun
804 2727 859 2790 das
875 2728 904 2789 ir
920 2726 997 2791 euch
1013 2729 1095 2791 etwa
1110 2727 1209 2791 damit

61 2821 299 2917 entschuldigen
321 2835 420 2917 mbgt.
466 2831 500 2895 lr
533 2832 650 2896 sallent
680 2853 796 2897 ewerer
819 2832 1066 2914 wider[75]part
1097 2831 1209 2896 billich

60 2937 211 3014 dancken,
234 2936 281 3001 sie
303 2936 407 3000 haben
430 2934 510 3000 euch
525 2935 722 3021 verntinfftig
738 2935 803 2999 und
818 2936 898 3028 lrlrig
914 2935 1069 3020 gemacht.
1101 2935 1208 2999 Wenu

58 3063 128 3106 man
152 3042 205 3106 die
229 3061 430 3126 vergangene
459 3040 537 3123 ding
560 3040 621 3103 mit
643 3040 704 3104 den
727 3042 984 3125 gegenwertigen
1005 3039 1208 3125 vergleichet,

57 3147 112 3212 hat
131 3168 210 3211 man
231 3145 299 3235 sich
321 3146 410 3210 desto
442 3145 513 3208 bess
536 3148 606 3209 zum
630 3146 814 3231 htinfftigen
837 3151 875 3210 zil
897 3146 1030 3210 richten.
1076 3144 1209 3209 Dieweil

57 3252 84 3316 ir
104 3252 320 3329 vermerchet,
344 3251 399 3316 das
421 3251 591 3335 yedcrmsn
616 3246 695 3316 iiber
716 3251 811 3330 euch,
843 3252 896 3315 des
919 3273 1068 3335 verreugs
1091 3249 1207 3314 halben

56 3357 115 3423 mit
136 3359 210 3422 dem
226 3355 376 3436 Concilio,
400 3358 519 3442 klagct,
542 3357 661 3421 habent
683 3358 712 3421 ir
728 3356 807 3422 euch
823 3361 894 3422 mim
911 3358 1027 3422 letsten
1043 3350 1207 3434 vcrkdnet,

55 3464 117 3528 und
142 3463 196 3527 ein
219 3462 284 3526 mal
306 3462 476 3527 derhalben
499 3462 663 3526 herausser
680 3462 869 3548 geschichet,
892 3462 957 3526 und
974 3462 1028 3526 das
1044 3461 1208 3546 bei-yetzi-

55 3591 126 3654 gem
148 3567 261 3632 Paulo.
307 3567 364 3631 Bei
387 3568 506 3632 seinem
530 3566 674 3631 vorfaren
709 3566 828 3631 habent
858 3567 925 3631 ihrs
956 3566 1047 3631 nicht
1076 3566 1206 3652 gethan,

54 3695 110 3738 aus
133 3672 259 3750 foroht,
289 3673 352 3737 wie·
379 3671 561 3757 gleublich,
596 3693 669 3734 man
700 3665 806 3735 wirrds
837 3671 887 3734 die
919 3671 985 3735 leut
1007 3671 1058 3734 nit
1079 3671 1207 3735 kdnnen
1316 3671 1320 3679 '

53 3772 252 3856 iberreden,
286 3778 341 3842 das
375 3799 424 3840 ers
456 3781 515 3861 gut
547 3776 673 3840 meinet.
720 3775 777 3839 Bei
808 3777 878 3840 dem
908 3777 1055 3861 yetzigen
1089 3773 1208 3837 habent

53 3882 98 3946 irs
128 3887 295 3967 gewaget,
335 3882 407 3947 bald
438 3882 520 3947 nach
554 3882 657 3946 seiner·
688 3879 853 3959 Election,
889 3881 948 3944 mit
982 3879 1118 3943 salchem
1152 3878 1208 3941 be-

52 3987 213 4063 dencken,
246 4007 286 4049 on
309 3986 457 4064 zweiffel,
487 3985 531 4050 Er
553 3987 597 4050 ist
619 4008 702 4064 new,
735 4008 810 4049 man
832 3986 950 4050 kennet
985 3985 1018 4047 in
1042 3981 1124 4046 noch
1147 3983 1207 4059 nit,

51 4115 117 4158 von
145 4114 256 4178 wegen
286 4093 369 4158 seins
404 4094 499 4158 alters
532 4093 641 4157 wirdt·
659 4115 733 4156 man
767 4095 801 4157 in
835 4093 888 4156 fiir
924 4093 1016 4155 einen
1049 4087 1207 4151 frbmeren

51 4198 183 4264 schalok
206 4198 338 4276 auhten,
370 4199 435 4264 und
458 4201 513 4265 das
537 4222 570 4264 er
593 4198 720 4275 fromer,
745 4198 825 4262 auch
848 4199 903 4262 der
924 4192 1130 4260 reformation
1152 4191 1207 4255 be·

56 4303 147 4389 girig
176 4303 241 4381 sei,
270 4304 365 4368 wirdt
395 4328 468 4370 man
500 4304 632 4370 etlicher
659 4326 742 4368 mass
773 4297 975 4369 vermerclren
1004 4322 1059 4365 aus
1088 4299 1206 4363 seiuem

49 4429 164 4475 nowen
188 4407 362 4477 Breviario.
