2850 5018
611 371 671 432 163

55 546 133 610 inde
147 543 357 629 proficisceris
369 546 513 607 motuum
525 542 791 626 dissidiorumque
807 543 1093 628 componendorum
1110 567 1214 626 causa,

56 650 233 735 diligenter
255 657 288 714 et
311 649 391 713 serio
414 649 563 712 mandare
586 648 667 712 soles
690 671 745 733 per
768 651 839 711 tuas
863 648 1001 719 diciones
1024 672 1151 729 omnes,
1178 656 1215 716 ut

55 756 90 819 in
114 777 180 832 ρας,
205 754 261 838 qui
285 753 460 818 doctrinam
483 753 578 816 istam
601 752 667 816 ullo
690 754 783 816 modo
806 753 873 816 sint
894 755 1049 837 amplexi,
1073 757 1215 840 graviter

55 860 343 924 animadvertatur.
389 856 458 922 Hoc
480 857 507 921 si
529 857 608 921 facis
632 878 667 920 eo
691 857 838 934 consilio,
866 857 989 936 Caesar,
1022 864 1060 923 ut
1082 861 1213 938 interea,

55 966 134 1029 dum
158 965 194 1028 in
219 965 348 1030 comitio
372 985 421 1028 res
444 964 562 1048 agitur,
586 963 668 1026 nihil
686 963 736 1026 illi
752 967 877 1026 mutent
892 968 948 1027 aut
964 963 1126 1042 innovent,
1148 966 1214 1049 jam

57 1075 143 1135 certe
167 1069 425 1145 oausamhabes,
449 1075 485 1132 ut
506 1069 587 1132 illud
603 1072 694 1132 tuum
709 1072 908 1151 perpetuum,
932 1074 964 1132 et
979 1069 1063 1150 quod
1078 1070 1214 1154 singulis

56 1176 152 1240 annis
175 1175 345 1259 aliquoties
368 1174 524 1259 repetitur
546 1173 629 1257 apud
652 1181 742 1249 tuos,
765 1172 917 1250 edictum,
949 1174 977 1236 si
1001 1196 1065 1238 non
1087 1175 1213 1239 aboleas

55 1283 175 1357 totum,
200 1280 313 1343 saltem
336 1279 437 1343 lenias
461 1282 493 1340 et
516 1278 665 1361 mitiges,
700 1282 737 1340 ut
759 1299 799 1340 ne
823 1277 868 1340 sio
899 1277 1089 1359 accipiatur,
1123 1280 1214 1362 quasi

57 1384 142 1448 nihil
166 1384 300 1448 omniuo
323 1383 400 1447 boni
431 1383 475 1447 sit
503 1383 537 1446 iu
569 1383 634 1445 illis
666 1382 743 1466 ipsis
772 1381 883 1458 libris,
918 1403 1053 1465 quorum
1083 1385 1215 1448 nomina

58 1491 152 1553 tuum
177 1488 257 1552 illud
280 1488 440 1552 decretum
463 1486 683 1570 complectitur
706 1490 739 1550 et
761 1487 899 1549 damnat.
931 1484 1036 1550 Nimis
1053 1489 1138 1552 enim
1154 1489 1213 1552 du·

60 1615 132 1657 rum
155 1593 267 1670 fuerit,
290 1593 318 1656 si
340 1614 403 1656 non
420 1592 546 1655 accedat
561 1591 664 1654 lenior
680 1590 916 1675 interpretati0;
940 1613 1043 1674 neque
1058 1594 1215 1674 potuisset

57 1698 164 1777 initio,
190 1720 261 1762 cum
283 1698 469 1763 abhorreret
491 1697 593 1761 adhuc
615 1701 702 1759 totus
725 1696 829 1772 orbis,
852 1695 981 1780 gravius
1004 1696 1173 1780 quicquam
1196 1720 1216 1762 a

60 1807 91 1868 te
114 1804 263 1887 proponi.
295 1802 399 1867 Debes
421 1808 528 1867 autem
551 1824 586 1866 eo
608 1801 666 1885 [Ο]
690 1802 792 1886 magis
809 1803 857 1865 vel
874 1802 999 1865 abolere
1014 1802 1093 1865 illud
1111 1809 1213 1867 totum

59 1908 108 1972 rel
131 1907 292 1971 moderari
313 1907 501 1989 prudenter,
532 1906 616 1989 quod
638 1904 671 1968 in
696 1904 761 1968 illis
783 1903 968 1969 Ratisbonee
999 1908 1136 1971 comitiis
1167 1909 1215 1972 ita

61 2012 225 2079 sancitum¹
241 2011 325 2089 fuit,
359 2014 396 2075 ut
427 2011 633 2094 magistratus
667 2011 700 2072 in
722 2030 779 2072 sua
802 2009 936 2092 quisque
959 2010 1082 2075 dicione
1105 2034 1212 2076 emen*

62 2117 182 2195 darent,
208 2138 278 2200 quae
300 2117 369 2181 sine
391 2116 470 2181 vitio
493 2115 687 2180 dissimulari
711 2137 773 2179 non
797 2119 940 2199 possunt.

64 2220 157 2288 Recte
182 2223 309 2305 quidem
333 2222 492 2287 decretum
514 2225 562 2285 est
584 2221 675 2298 illud,
698 2220 785 2284 sedo
802 2220 926 2283 utinam
941 2225 1024 2285 recte
1040 2222 1213 2305 accipiatur

62 2327 98 2391 ab
118 2328 288 2392 omnibus!
334 2326 451 2391 Parum
474 2327 560 2391 enim
583 2330 631 2391 est
653 2325 820 2391 emendare
850 2347 981 2407 crassos
1003 2328 1118 2393 abusus
1139 2329 1212 2394 illos

628 2449 646 2487 *
1175 2454 1177 2458 .

60 2537 215 2616 treffeud,
247 2536 406 2622 ausgehen
437 2539 564 2614 lasseu,
598 2537 663 2601 und
687 2537 741 2601 das
764 2537 843 2601 eben
866 2559 920 2600 zur
943 2537 1013 2615 neit,
1036 2538 1084 2600 als
1106 2535 1142 2600 E.
1166 2536 1212 2602 M.

61 2644 111 2706 die
134 2642 273 2727 religion
290 2643 363 2708 sach
386 2641 552 2706 im'Reich
576 2646 614 2707 at
637 2642 846 2727 vergleichen,
869 2641 1053 2726 vorgehabt.
1099 2641 1147 2706 Ist
1169 2665 1213 2706 nu

56 2748 162 2813 solohs
184 2747 370 2826 beschehen,
394 2749 494 2813 damit
509 2749 545 2812 Ε.
564 2749 607 2812 Μ.
625 2750 854 2824 underthonen,
878 2749 912 2810 iu
935 2748 1042 2812 mitler
1064 2749 1126 2812 zeit
1147 2749 1211 2812 und

56 2853 236 2917 werendem
259 2852 440 2940 Reichstag,
464 2855 557 2918 keine
580 2875 749 2938 neweruug
773 2874 951 2930 vornemen,
976 2875 1010 2917 so
1033 2853 1090 2917 hat
1112 2852 1148 2916 E.
1166 2852 1209 2917 Μ.

54 2958 141 3023 diser
165 2957 228 3022 zeit
249 2957 308 3043 frig
330 2961 394 3022 und
418 2960 540 3037 ursaoh,
564 2959 652 3023 solch
668 2959 800 3024 Mandat
815 2958 1032 3035 auffzilheben,
1056 2960 1121 3022 und
1143 2959 1212 3022 ein-

53 3065 182 3149 sehung
206 3055 314 3129 darein
337 3069 375 3131 zd
398 3066 489 3143 thun,
514 3066 613 3146 demit
637 3087 679 3143 es,
704 3088 750 3130 wo
767 3066 816 3129 nit
832 3086 889 3150 gar
905 3063 1075 3148 abgethou,
1100 3062 1210 3126 iedoch

53 3191 128 3232 zum
152 3169 329 3253 wenigsteu
359 3171 539 3255 galindert,
574 3171 654 3234 auch
687 3171 736 3234 nit
768 3192 802 3233 so
836 3191 893 3254 gar
923 3170 973 3231 ins
995 3168 1119 3253 gemeiu
1142 3168 1208 3230 und

56 3274 251 3359 generaliter
274 3276 460 3339 verstanden
486 3276 597 3353 werde,
620 3276 667 3338 als
690 3278 729 3339 ot
754 3276 787 3339 in
812 3275 866 3338 der
889 3277 1024 3359 gantzen
1048 3273 1121 3348 lere,
1145 3272 1212 3334 und

57 3379 151 3443 deren
176 3378 318 3462 gelerten
342 3374 476 3457 bichor,
499 3402 534 3443 so
558 3380 591 3443 in
614 3379 822 3464 obgemeltem
845 3377 880 3442 Ε.
907 3378 949 3442 Μ.
975 3377 1068 3441 Edict
1090 3380 1210 3461 genant

59 3485 195 3560 werden,
220 3483 311 3547 niohs
334 3481 522 3548 Christliohs
545 3484 627 3548 noch
649 3484 793 3547 leidlichs
816 3484 871 3547 sei.
903 3482 998 3547 Deun
1020 3504 1052 3546 es
1076 3503 1157 3546 were
1177 3482 1211 3564 ja

59 3592 96 3654 ut
119 3589 191 3666 vil,¹
211 3611 296 3652 wens
319 3589 410 3653 debei
442 3590 567 3654 bleiben
600 3584 723 3667 mirste,
759 3589 823 3653 und
854 3610 918 3652 was
951 3588 1006 3651 het
1028 3585 1063 3649 Ε.
1088 3586 1130 3649 Μ.
1155 3608 1212 3650 vor

59 3714 108 3756 xx.
130 3693 222 3777 jaren
244 3693 409 3778 hefftigers
433 3701 548 3780 mitgen
578 3696 736 3780 ausgehen
769 3697 899 3759 lassent
945 3691 999 3757 Nu
1021 3694 1079 3756 soll
1104 3691 1138 3755 Ε.
1164 3692 1207 3757 Μ.

60 3796 237 3882 obgemelte
259 3796 399 3862 Mandat
413 3804 451 3864 uh
472 3800 632 3877 liuderen,
667 3800 754 3864 desto
785 3799 951 3884 geneigter
980 3798 1045 3861 und
1076 3797 1210 3882 fertiger

60 3901 145 3979 sein,
179 3902 272 3966 dweil
302 3903 383 3967 auch
411 3905 455 3967 im
477 3905 627 3989 jdngsten
653 3906 705 3969 des
728 3904 843 3968 Reichs
867 3903 1025 3968 Abscheid
1056 3903 1211 3988 georduet

60 4004 117 4084 ist,
130 4028 174 4070 es
197 4006 244 4070 sol
267 4008 338 4071 eine
360 4008 427 4072 iede
449 4009 601 4074 Oberkeit
622 4010 654 4073 in
680 4011 759 4074 irem
782 4010 910 4094 gebiet,
945 4008 996 4072 ein
1020 4006 1211 4071 christliche

61 4108 279 4177 Reformation
301 4115 468 4179 anrichtcn
491 4118 556 4179 und
581 4116 781 4180 handhabcn.
804 4114 808 4200 Ι

146 4217 221 4299 [19]
244 4216 373 4282 Welchs
394 4241 452 4304 gar
475 4223 534 4284 wol
557 4222 667 4306 geredt
690 4223 753 4300 ist,
789 4223 866 4286 wele
888 4222 962 4285 aber
986 4219 1068 4295 Get,
1102 4218 1157 4281 das
1179 4238 1211 4279 es

62 4320 224 4403 grdntlich
246 4322 312 4385 und
334 4324 395 4388 wol
418 4325 607 4388 verstanden
630 4327 746 4388 wiirde.
796 4325 906 4402 Danu,
937 4325 991 4387 das
1018 4345 1092 4385 man
1114 4322 1210 4385 allein

62 4424 173 4489 etliche
196 4426 310 4511 grube,
334 4427 576 4513 ungeschickte,
600 4430 666 4493 und
689 4431 849 4494 iedermen
873 4429 1009 4493 behante
1032 4426 1211 4490 misbreuoh

944 4533 975 4586 ll
989 4531 1003 4560 '⁶
