2850 5018
683 299 725 363 90

133 469 229 537 Nunc
251 494 345 552 vero,
377 471 405 537 si
427 475 534 536 tantas
557 472 691 555 injurias
714 475 746 536 et
768 472 987 549 contumelias,
1014 472 1127 555 quibus
1151 495 1207 538 vos
1231 472 1285 538 ad·

134 577 220 654 fecit,
245 600 438 661 concoquere
459 579 593 661 potestis
615 583 647 642 et
662 579 776 642 leniter
792 579 1006 662 interpretari,
1031 579 1167 642 nimium
1183 579 1287 643 hercle

135 682 295 765 patienter
319 682 351 746 id
374 682 491 760 facitis,
515 685 548 747 et
569 683 737 747 videndum
763 686 811 747 est
834 682 933 760 vobis,
960 705 1000 746 ne
1022 684 1128 766 potius
1151 684 1287 769 ignaviae

136 788 180 850 sit
203 788 406 852 tribuendum
431 787 535 864 istud,
559 809 654 871 quam
677 789 727 853 vel
750 788 959 853 moderationi
983 788 1030 851 vel
1054 789 1287 872 temperantiae.

135 892 379 976 ltespicienduru
410 897 460 957 est
488 894 572 957 euim
605 916 668 957 non
698 895 800 956 solum
824 893 863 958 ad
887 893 953 957 haee
976 893 1078 971 illius,
1111 914 1183 975 quae
1205 893 1286 958 dixi·

135 1021 215 1076 mus,
239 999 405 1077 mandata,
435 997 487 1061 sed
511 998 714 1082 cogitandum
737 1001 801 1076 est,
833 997 908 1080 quid
939 998 1142 1061 antecesserit
1173 1020 1228 1076 ea,
1258 1002 1289 1062 et

136 1105 397 1188 quemadmodum
422 1103 510 1187 prius
533 1102 587 1167 ille
618 1101 790 1166 devastarit
822 1101 947 1177 omnia,
978 1124 1072 1186 quam
1097 1103 1160 1167 huc
1183 1103 1287 1186 impu·

136 1209 251 1273 dentiae
273 1215 306 1274 et
328 1209 463 1274 vesaniae
486 1207 688 1274 descenderit.
735 1206 946 1292 Cogitandum
968 1209 1082 1286 etiam,
1108 1209 1184 1292 quid
1204 1230 1287 1291 prae·

135 1317 222 1378 terea
245 1314 387 1380 facturus
410 1314 519 1393 fuerit,
542 1315 605 1378 nisi
628 1312 781 1377 divinitus
807 1313 936 1377 detectae
959 1312 1098 1377 fuissent
1113 1313 1181 1397 ejus
1195 1317 1285 1377 artes.

136 1419 175 1483 In
199 1419 311 1502 primis
335 1426 441 1485 autem
465 1418 734 1484 considerandum
751 1423 809 1497 est,
833 1419 915 1483 hano
937 1417 1038 1503 ipsius
1062 1419 1234 1483 avaritiam
1257 1422 1287 1483 et

136 1525 346 1608 rapacitatem
369 1527 409 1590 ob
432 1526 537 1590 oculos
560 1523 697 1608 positam
722 1545 788 1589 esse
811 1524 843 1587 in
867 1524 1096 1608 prophetarum
1113 1528 1146 1589 et
1161 1527 1288 1608 aposto·

135 1629 239 1694 lorum
262 1629 458 1715 scri[G]ptis,
482 1631 612 1714 ideoque
635 1652 728 1711 nunc,
762 1634 930 1714 postquam
953 1634 1000 1693 est
1023 1629 1214 1712 patefactus,
1238 1653 1289 1693 er·

135 1737 303 1801 cerandum
333 1738 399 1820 ejus
429 1759 496 1801 esse
527 1758 562 1801 ac
591 1735 692 1799 modis
716 1735 864 1799 omnibus
886 1735 1070 1820 fugiendam
1094 1735 1287 1799 societatem.

136 1839 206 1906 Hoc
239 1842 335 1906 etiam
370 1849 455 1907 certo
485 1841 705 1919 statuendum,
739 1840 860 1904 nullam
885 1862 952 1904 rem
974 1841 1079 1928 piam,
1110 1840 1288 1916 honestam,

137 1948 306 2013 salutarem
331 1953 363 2014 et
385 1948 564 2024 laudatam,
589 1946 733 2031 deinceps
757 1947 797 2011 ab
822 1969 857 2011 eo
882 1947 1117 2032 expectandam.
1166 1946 1288 2012 Inebri-

136 2053 203 2118 avit
226 2054 311 2118 enim
332 2055 440 2118 orbem
464 2058 621 2118 terrarum
646 2052 701 2117 illo
723 2075 778 2117 suo
802 2053 939 2118 venefico
959 2057 990 2118 et
1013 2055 1085 2136 plus
1110 2075 1207 2136 quarn
1220 2051 1287 2116 Gir·

136 2180 199 2224 caeo
223 2160 349 2243 poculo,
381 2159 573 2225 dementavit
595 2180 722 2223 omnem
745 2158 923 2243 Europam,
955 2163 988 2223 et
1015 2180 1117 2223 meras
1143 2158 1287 2221 instituit

135 2265 341 2342 idololatrias,
366 2266 432 2348 ipse
453 2266 583 2331 interim
606 2288 669 2330 non
693 2269 758 2329 tum
782 2265 938 2330 idolorum
962 2266 1064 2330 cultor
1087 2287 1184 2349 quam
1209 2263 1283 2346 Epi·

137 2393 263 2449 cureus,
286 2389 411 2436 omnem
436 2371 622 2457 religionem
646 2374 869 2449 contemnens,
899 2373 931 2435 et
952 2370 1105 2434 honorem
1128 2368 1189 2433 sibi
1215 2391 1288 2434 ven·

137 2476 254 2555 dicans,
279 2477 333 2560 qui
356 2478 417 2541 soli
438 2476 505 2542 Deo
529 2477 667 2541 debetur.

222 2581 282 2645 His
306 2582 382 2646 adeo
404 2583 442 2646 de
465 2584 566 2647 causis
599 2583 741 2647 adoritur
765 2584 868 2666 ipsum
888 2582 990 2661 Deua,
1026 2580 1189 2667 percellit,
1223 2603 1289 2645 ver·

137 2687 237 2766 berat,
260 2687 411 2773 flagellat,
435 2689 562 2766 turbat,
586 2711 650 2752 non
673 2693 708 2752 ut
736 2689 887 2753 Davidem
912 2687 1051 2772 aliquem
1074 2688 1130 2750 aut
1157 2684 1216 2750 Iob
1241 2685 1287 2750 vel

138 2793 257 2858 similes
279 2794 491 2859 afflictionum
513 2800 545 2860 et
566 2796 730 2879 patientia
754 2795 880 2859 nomine
903 2794 1003 2858 claros
1026 2791 1147 2870 heroas,
1176 2813 1285 2855 verum

138 2902 175 2964 ut
197 2898 394 2965 Pharaonem
425 2904 458 2965 et
487 2901 519 2964 id
545 2923 645 2985 genus
667 2899 744 2964 alias
768 2903 922 2964 terrarum
947 2902 1059 2981 pestes.
1106 2895 1181 2959 Non
1207 2897 1289 2959 enim

139 3003 288 3087 suspirat,
312 3025 376 3070 non
400 3004 581 3090 ingemiscit
603 3005 641 3068 ad
665 3004 776 3080 Deum,
801 3008 837 3068 ut
860 3003 1004 3067 remittat
1016 3003 1117 3079 -iram,
1141 3005 1178 3064 ut
1201 3022 1289 3064 men·

138 3110 203 3174 tem
226 3110 381 3194 largiatur
403 3109 631 3175 emendationis
654 3109 816 3192 cupidam,
851 3110 905 3172 sed
935 3107 1081 3172 sublimis
1110 3110 1142 3170 et
1166 3128 1239 3171 acer
1260 3108 1291 3168 et

132 3213 308 3293 fastuosus,
332 3216 445 3299 opibus
469 3216 588 3280 nefarie
611 3215 775 3298 acquisitis
799 3218 831 3278 et
853 3234 964 3299 regum
991 3212 1141 3278 subsidiis
1165 3211 1290 3297 egregie

139 3320 377 3403 circumseptus,
401 3325 437 3385 ut
460 3325 563 3404 putat,
586 3321 618 3384 in
643 3343 760 3405 magna
786 3321 955 3385 securitate
981 3320 1069 3383 vivit.
1119 3317 1206 3382 Nam
1233 3339 1289 3400 pu·

138 3425 238 3492 blicas
261 3426 345 3490 orbis
370 3427 575 3504 calamitates,
601 3427 715 3512 quibus
739 3426 835 3490 hodie
859 3426 1050 3500 divertamur,
1075 3423 1114 3487 ab
1135 3444 1171 3486 eo
1192 3419 1289 3486 veluti

138 3530 228 3596 fonte
258 3531 424 3614 provenire
455 3536 564 3616 putat,
599 3533 681 3617 quod
712 3531 810 3615 ipsius
833 3534 865 3593 et
887 3530 1083 3613 majestatem
1114 3531 1146 3592 et
1174 3526 1289 3591 sancti·

139 3640 238 3702 tatem
268 3641 301 3702 et
328 3637 512 3702 beatitatem
542 3660 604 3702 non
636 3637 714 3702 satis
739 3639 917 3701 reverenter
940 3636 1113 3720 agnoscant
1135 3633 1289 3696 homines.

708 3758 726 3798 a

55 3925 57 3930 ¹
139 3849 221 3915 noch
252 3855 349 3914 etwas
379 3850 493 3913 darinn
523 3846 586 3914 zd¹
619 3848 819 3912 veriinderen.
868 3845 927 3908 Die
950 3841 1065 3907 Stendc
1100 3842 1154 3906 des
1177 3840 1291 3905 Reichs

138 3955 250 4020 hatten
283 3955 351 4019 sich
379 3959 474 4019 znvor
506 3953 584 4017 viler
616 3953 836 4017 besehwerntis
867 3951 933 4015 und
956 3970 1081 4034 grosser
1106 3943 1290 4012 missbreuch

139 4060 285 4127 offenlich
302 4062 428 4145 beclagt
450 4060 496 4143 (in
513 4059 651 4124 walchen
669 4058 835 4122 Articlreln
852 4057 933 4123 auch
957 4055 1071 4120 etliche
1094 4055 1196 4130 seind,
1222 4054 1290 4117 dar·

140 4170 201 4232 aull
224 4189 299 4232 man
323 4166 381 4230 den
405 4164 578 4229 Endchrist
608 4163 773 4246 erkennet)

213 4403 225 4457 1
246 4400 319 4455 fehlt
336 4394 379 4454 at.
