2850 5018
754 319 795 378 46

198 505 262 548 non
285 484 487 570 agnoscitur,
523 507 631 551 vemm
659 487 755 552 etiam
786 486 832 550 ita
863 509 896 553 se
925 496 1087 573 comparat
1118 497 1151 557 et
1179 497 1245 559 tam
1269 498 1351 561 arti-

196 587 301 654 ficiose
324 590 541 655 crudelitatem
565 613 654 655 suam
683 591 785 675 tagit,
820 614 841 655 u
888 595 1010 658 colatur
1040 600 1072 659 et
1101 597 1286 665 observetur
1309 603 1351 668 ab

195 694 361 771 omnibus,
392 694 456 759 acsi
486 697 639 777 tanquam
662 694 893 778 nu[OIV]men
917 698 1045 782 aliquod
1067 702 1206 767 salutare
1229 707 1350 771 consti-

194 805 283 865 tutus
306 804 388 864 esset
410 799 510 864 aDeo
534 800 567 864 in
591 799 649 865 hac
673 800 787 885 misera
802 807 833 865 et
851 802 1037 869 calamitosa
1051 807 1217 872 hominum
1233 811 1309 875 vita.

194 903 310 972 Nonne
332 926 421 990 reges
443 925 552 969 omnes
573 927 610 969 ac
631 905 810 970 monarcha
833 906 965 973 fuerunt
993 909 1088 994 hujus
1117 910 1349 981 dominationis

195 1009 416 1077 admirabundi
451 1014 643 1094 spectatores
679 1015 711 1075 et
733 1011 916 1094 adjutores?
961 1013 1021 1090 Qui
1043 1017 1172 1080 tametsi
1195 1021 1349 1104 majorem

192 1115 410 1198 innocentiam
442 1122 474 1180 et
508 1117 680 1198 puritatem
715 1117 748 1180 in
782 1116 848 1200 ejus
879 1119 945 1183 vita
967 1118 1101 1186 fortasse
1123 1123 1348 1191 desiderabant

128 1205 131 1210 ¹
192 1221 378 1306 aliquando,
403 1242 467 1284 non
490 1223 596 1285 tamen
621 1225 794 1305 potuerunt
816 1245 887 1286 eum
910 1245 1094 1308 agnoscere,
1119 1230 1269 1311 quoniam
1290 1252 1343 1294 re-

190 1327 320 1413 ligionis
343 1325 491 1408 opinione
514 1326 754 1403 detinebantur,
789 1327 901 1391 deinde
930 1329 975 1392 sic
998 1335 1085 1408 erat,
1121 1334 1157 1394 ut
1179 1338 1341 1417 oporteret

191 1453 264 1496 eum
286 1430 424 1517 grassari
445 1430 485 1495 ad
506 1431 594 1495 hunc
617 1432 764 1509 modum,
800 1425 843 1496 in¹
864 1455 987 1499 summa
1009 1437 1152 1500 omnium
1176 1437 1344 1504 hominum

191 1535 402 1624 ignoratione,
426 1539 458 1599 et
480 1535 672 1620 impunitate
695 1536 849 1614 maxima,
872 1537 955 1602 sicut
985 1540 1143 1624 scriptura
1173 1545 1344 1630 praesigni-

189 1644 306 1709 ficavit.
340 1642 420 1708 Cum
442 1661 516 1705 vero
537 1642 731 1724 pervenisset
753 1642 791 1705 ad
815 1664 973 1708 summum
996 1646 1130 1730 gradum
1154 1648 1343 1732 impietatis,

189 1753 227 1815 ut
246 1745 414 1833 superaddi
436 1745 519 1810 nihil
541 1749 656 1828 posset,
680 1745 809 1810 adortus
832 1750 881 1810 est
903 1747 1007 1830 ipsum
1030 1749 1125 1827 Deus,
1148 1751 1237 1817 intra
1261 1751 1341 1818 Ger·

755 1867 773 1905 it

188 1961 252 2025 s'en
276 1959 346 2024 faut
368 1956 447 2041 qu'il
475 1955 538 2021 soit
567 1976 671 2040 cognu
701 1955 741 2038 (si
764 1955 917 2020 finement
938 1957 962 2021 il
985 1979 1098 2023 couvre
1130 1982 1164 2024 sa
1194 1966 1343 2049 cruaute')

190 2065 285 2150 qu'au
307 2061 466 2133 contraire
488 2060 513 2124 il
535 2063 584 2124 est
605 2059 687 2124 servi
709 2063 744 2124 et
766 2062 871 2125 revere
892 2061 930 2125 de
949 2065 1030 2140 tous,
1054 2086 1176 2130 comme
1202 2069 1230 2130 si
1258 2066 1343 2133 Dieu

187 2169 298 2234 l'avoit
320 2166 477 2232 constitue
510 2188 549 2230 en
582 2170 669 2230 ceste
694 2165 742 2229 vie
764 2166 931 2231 miserable
958 2172 990 2232 et
1012 2171 1117 2252 pleine
1140 2171 1178 2235 de
1208 2173 1343 2238 calami·

185 2279 244 2354 toz,
267 2295 348 2359 pour
369 2294 432 2337 une
454 2272 620 2356 puissanoe
642 2271 758 2349 divine,
782 2271 933 2336 salutaire
955 2295 1016 2337 aux
1039 2273 1189 2339 hommes.

753 2393 770 2431 ’lt

185 2507 226 2551 en
259 2483 378 2569 alguna
410 2482 477 2547 sola
500 2481 675 2566 Republica
698 2503 717 2545 o
739 2481 916 2560 Provincia,
940 2506 1007 2547 mas
1035 2506 1093 2569 por
1120 2484 1185 2549 oasi
1207 2487 1283 2551 toda
1307 2488 1341 2553 la

183 2589 330 2672 Europa,
360 2608 464 2672 yoon
488 2585 562 2650 todo
586 2607 653 2650 esso
678 2607 719 2651 no
742 2587 913 2652 solamente
943 2609 985 2652 no
1007 2609 1040 2651 es
1063 2590 1229 2669 conoeido,
1261 2615 1339 2675 pero

183 2695 268 2760 else
290 2693 332 2758 ha
353 2692 391 2757 de
413 2693 460 2756 tal
486 2712 625 2768 manera,
649 2715 672 2775 y
698 2692 834 2756 enoubre
859 2695 914 2756 tan
939 2699 1176 2759 maliosamente
1200 2718 1238 2760 su
1263 2719 1338 2762 crn-

182 2800 286 2876 eldat,
318 2819 379 2883 que
409 2797 501 2861 todos
523 2795 554 2860 lo
577 2799 690 2862 acutan
712 2819 733 2881 y
756 2797 786 2860 le
817 2797 938 2873 sirven,
972 2819 1061 2862 como
1091 2799 1118 2863 si
1149 2798 1253 2865 fuesse
1285 2802 1336 2866 al-

182 2927 248 2992 gun
271 2905 359 2981 dios,
396 2905 506 2987 puesto
529 2902 566 2966 de
589 2902 621 2966 la
647 2923 742 2965 mano
764 2901 803 2965 de
825 2900 901 2966 Dios
932 2896 1009 2985 para
1037 2903 1093 2966 dar
1124 2906 1213 2969 salud
1243 2906 1336 2973 alos

181 3001 329 3076 hombres
352 3030 391 3073 en
414 3011 483 3073 esta
510 3006 678 3071 miserable
700 3030 722 3091 y
744 3006 927 3070 calamitosa
949 3007 1030 3072 vida.

750 3183 767 3221 ’l‘

266 3325 379 3392 Haben
404 3326 447 3390 im
472 3325 522 3391 nit
545 3325 606 3390 alle
627 3325 739 3409 keyser
760 3326 826 3391 und
854 3325 972 3412 konig,
1002 3328 1068 3392 und
1097 3328 1250 3414 volgends
1282 3331 1335 3396 die
1362 3322 1363 3327 ἵ

178 3437 293 3521 gantae
315 3433 390 3497 walt
412 3432 464 3496 hie
486 3431 521 3496 in
543 3431 742 3515 adgesehen?
774 3432 838 3496 und
870 3432 911 3497 ob
934 3433 979 3498 sie
1001 3433 1062 3496 wol
1085 3433 1239 3517 genehen,
1274 3436 1333 3500 das

177 3563 211 3606 er
234 3540 286 3604 ein
310 3536 509 3602 schandtlich
529 3521 737 3601 onchristlich
752 3536 844 3601 leben
859 3532 994 3622 gefiiret,
1019 3537 1122 3601 haben
1138 3539 1184 3602 sie
1199 3540 1232 3604 in
1250 3540 1334 3604 doch

176 3643 227 3709 nit
249 3647 366 3726 mbgen
388 3640 560 3717 erlvennen,
584 3640 666 3703 denn
691 3662 725 3704 er
747 3639 831 3704 hat¹
855 3636 964 3705 darfiir
987 3641 1139 3726 gebawet,
1163 3643 1210 3706 als
1233 3643 1274 3708 da
1297 3666 1334 3708 er

175 3749 222 3814 sie
243 3747 382 3812 vereidet
403 3745 468 3822 hat,
493 3743 559 3810 und
582 3744 663 3809 auch
686 3747 772 3809 mist
794 3766 828 3808 er
850 3745 900 3809 die
919 3744 1089 3829 bestimpte
1104 3747 1176 3822 neit,
1199 3747 1332 3811 wieder

175 3852 310 3938 Apostel
331 3855 413 3936 sagt,
437 3849 646 3934 ansregieren.
686 3848 759 3912 Und
781 3850 933 3914 demnach
956 3851 1003 3914 als
1025 3851 1076 3914 ein
1100 3850 1187 3915 soloh
1208 3851 1331 3934 jdmer-

174 3957 260 4035 lich,
291 3977 489 4033 verworren,
524 3956 590 4019 und
613 3955 803 4020 Barbarisch
835 3955 913 4042 diug
944 3957 979 4021 in
1002 3957 1056 4020 der
1079 3955 1227 4040 Religion
1252 3980 1330 4035 war,

174 4063 248 4140 das,
278 4083 421 4126 woman
443 4060 558 4125 hinder
580 4059 647 4124 sich
670 4058 822 4137 dencket,
854 4061 956 4125 einem
980 4060 1066 4146 bang
1089 4061 1154 4125 und
1177 4082 1331 4146 grausam

174 4167 299 4234 worden
322 4169 402 4244 mds,
429 4163 486 4230 hat
508 4164 589 4242 doc,
613 4167 652 4228 nd
676 4164 861 4248 bestimpter
883 4166 963 4244 zeit,
995 4164 1099 4228 seiner
1121 4165 1331 4252 verheissung

245 4412 258 4468 l
279 4411 331 4466 hat
348 4410 427 4467 auch.
