2850 5018
691 368 753 430 239

143 539 236 604 titulo
261 539 536 617 circumvestiunt;
572 541 647 624 quia
676 541 719 604 sic
742 544 881 624 pergunt
903 541 1077 619 obstinati,
1110 543 1232 607 nullam
1255 545 1292 606 ut

142 668 225 730 spem
267 644 504 732 emendatiolnis
537 647 714 728 praeheant3
754 646 828 729 quia
863 669 963 711 causae
997 647 1211 731 cognitionem
1245 648 1290 712 le-

142 752 287 835 gitimam
322 751 511 835 defugiunt,
550 753 582 813 et
615 750 765 813 simulata
798 751 923 815 concilii
962 751 1122 816 mentione
1164 756 1291 817 contro·

142 856 274 920 versiam
298 877 424 920 omnem
448 876 483 918 ec
506 854 665 937 rejiciunt,
694 858 730 918 ut
752 877 840 937 spem
862 859 894 919 et
917 858 1165 939 expectationem
1188 856 1290 920 homi-

141 983 216 1024 num
239 962 387 1037 eludant3
412 960 486 1045 quia
509 960 634 1024 demum
656 960 765 1024 tristes
788 960 906 1043 ubique
929 965 1034 1025 motus
1057 967 1089 1025 et
1111 963 1220 1026 turbas
1237 985 1292 1026 ex·

142 1067 250 1144 citant,
274 1071 311 1130 ut
333 1067 510 1150 potentiam
531 1065 620 1129 illam
636 1087 735 1143 suam,
759 1065 878 1130 nefarie
894 1066 1090 1149 acquisitam,
1114 1067 1289 1131 retineant:

143 1170 187 1235 hae
208 1172 354 1254 profecto
377 1193 478 1236 causae
500 1193 625 1236 movere
645 1176 686 1248 te,
710 1170 822 1249 Caesar,
847 1172 971 1248 debent,
995 1176 1031 1234 ut
1045 1172 1187 1255 ipsorum
1201 1172 1291 1237 nulla

141 1275 262 1339 ratione
284 1275 416 1354 habita,
452 1276 616 1360 negotium
647 1275 705 1340 hoc
735 1275 899 1360 religionis
931 1297 1048 1360 magno
1077 1277 1182 1340 studio
1205 1298 1289 1340 com-

140 1380 296 1463 plectaris.
342 1379 427 1445 Nam
450 1381 592 1443 existunt
614 1383 700 1444 certa
722 1380 887 1464 scripturae
910 1381 1110 1460 testimonia,
1143 1387 1175 1445 et
1197 1382 1290 1466 signa

141 1486 271 1549 minime
296 1485 442 1562 obscura,
466 1507 536 1568 quae
558 1486 650 1549 nobis
672 1485 879 1565 denuntiant,
903 1488 983 1552 iram
1006 1486 1066 1550 Dei
1088 1487 1289 1553 vehementer

141 1591 172 1653 in
195 1591 268 1654 illos
292 1589 529 1668 inflammatam,
554 1594 586 1653 et
608 1589 744 1653 similem
759 1590 903 1654 futurum
920 1613 985 1655 esse
1000 1592 1142 1677 ipsorum
1157 1593 1288 1672 exitum,

141 1696 192 1778 qui
209 1695 273 1759 luit
289 1716 406 1773 eorum,
432 1715 510 1777 quos
525 1697 656 1776 propter
677 1694 874 1778 impietatem
897 1699 929 1758 et
952 1696 1162 1781 blasphemias
1184 1696 1288 1761 horri-
1390 1721 1393 1726 ·

139 1802 246 1866 hiliter
268 1800 402 1885 singulis
425 1799 621 1883 temporibus
644 1798 729 1862 Deus
752 1800 882 1863 adflixit.
929 1800 1108 1865 Deserenda
1129 1805 1204 1865 sunt
1227 1801 1288 1885 igi-

140 1910 191 1970 tur
214 1906 344 1970 illorum
366 1908 484 1983 castra,
521 1926 560 1968 ne
590 1925 660 1968 curn
690 1904 767 1989 ipsis
798 1904 983 1988 deprehensi
1005 1929 1129 1992 poenam
1155 1908 1287 1970 luamus

140 2010 285 2076 Contulit
307 2010 367 2075 tibi
388 2010 473 2074 Deus
496 2011 664 2074 innumera
685 2011 853 2089 beneficia,
886 2015 918 2076 et
941 2034 992 2089 ea,
1017 2034 1111 2095 quam
1135 2011 1286 2091 videmus,

139 2137 243 2180 rerum
278 2115 459 2179 immutatio
488 2116 612 2179 videtur
634 2116 700 2179 lato
724 2115 860 2198 quodam
883 2116 917 2179 in
939 2122 972 2181 te
995 2120 1145 2199 tuamque
1160 2117 1289 2180 domum

139 2221 295 2286 incidisse.
343 2217 417 2294 Quae
440 2220 515 2283 licet
537 2220 621 2283 inter
643 2223 762 2284 ceteras
787 2220 964 2285 Germaniae
986 2221 1168 2305 principum
1192 2221 1287 2285 fami-

138 2328 193 2391 lias
228 2326 364 2390 illustris
399 2325 566 2390 admodum
599 2328 630 2387 et
653 2329 766 2408 potens
789 2330 822 2389 et
843 2327 949 2409 ampla
971 2331 1003 2390 et
1027 2326 1151 2409 copiosa
1176 2332 1207 2389 et
1229 2326 1287 2390 ho-

138 2435 249 2496 norata
273 2452 397 2515 semper
420 2431 579 2506 extiterit,
611 2431 701 2494 valde
732 2434 837 2494 tamen
861 2436 953 2496 aucta
975 2433 1038 2496 fuit
1061 2436 1092 2496 et
1115 2432 1286 2510 illustrata,

140 2558 354 2622 magnamque
377 2536 515 2601 nominis
539 2534 675 2620 gloriam
698 2539 746 2600 est
769 2541 943 2601 consecuta.
983 2536 1138 2614 Primum,
1161 2537 1286 2620 quando

587 2680 845 2750 .*.

137 2856 303 2933 beharren,
328 2853 391 2917 und
416 2851 483 2917 sich
505 2853 539 2916 in
563 2853 658 2916 allem
681 2851 748 2916 also
770 2850 929 2937 gehalten,
954 2854 1009 2918 das
1025 2876 1099 2920 man
1117 2852 1288 2941 notdrfftig

136 2983 174 3026 an
198 2961 275 3023 ineu
299 2958 512 3022 verzweifelen
537 2962 626 3036 mite,
662 2959 717 3021 das
748 2958 793 3021 sie
822 2959 895 3022 hein
920 2961 1023 3024 weder
1046 2962 1180 3027 General
1204 2960 1286 3025 noch

136 3065 292 3131 National
311 3063 442 3142 Conciti,
466 3065 547 3129 noch
570 3065 675 3148 einige
697 3064 804 3128 rechte
827 3065 991 3129 erkantnis
1015 3067 1069 3129 der
1091 3066 1206 3130 sachen
1228 3066 1287 3128 lei·

135 3173 194 3236 den
217 3177 343 3256 mdgen,
369 3171 434 3234 und
457 3171 512 3235 das
535 3170 580 3234 sie
603 3170 652 3233 nit
675 3191 736 3233 von
752 3191 862 3255 wegen
879 3171 933 3234 der
949 3172 1012 3235 lere
1027 3173 1108 3235 noch
1124 3171 1285 3254 Religion,

136 3277 249 3342 sonde'r
280 3276 358 3340 umb
391 3275 455 3340 irer
484 3276 713 3341 herrschafften
744 3277 810 3340 und
843 3276 972 3360 prachts
994 3278 1122 3356 willan,
1158 3276 1287 3340 solchen

131 3384 231 3466 jamer
255 3382 288 3444 in
314 3382 369 3445 der
391 3383 466 3445 welt
488 3381 660 3448 zurichua.
707 3382 774 3446 Ans
808 3383 895 3446 disan
925 3382 1080 3446 ursachen
1110 3383 1157 3446 sol
1179 3381 1215 3444 E.
1240 3381 1285 3445 Μ.

133 3487 316 3574 vilgemelte
337 3487 572 3571 gegenwertige
588 3488 672 3567 sach,
696 3487 842 3552 hechlieh
859 3491 896 3551 ati
912 3487 1040 3551 hertzeu
1058 3509 1181 3565 nemen,
1205 3487 1285 3550 auch

132 3594 160 3656 ir
183 3592 356 3676 dieselbige
377 3614 432 3656 vor
455 3593 536 3657 allen
562 3593 678 3678 dingen
703 3594 771 3657 auff
790 3593 885 3656 erden
907 3593 1009 3656 lassen
1034 3592 1186 3656 bevolhen
1205 3593 1281 3655 sein.

133 3698 226 3762 Denn
250 3697 322 3780 [61]
347 3719 378 3760 es
402 3697 473 3760 sind
494 3697 537 3761 vil
553 3720 678 3782 grosser
694 3698 840 3781 gewisser
856 3698 1072 3782 anzeigungeu
1090 3696 1282 3774 vorhanden,

132 3803 246 3866 daraus
269 3802 400 3866 cl'arlich
424 3803 616 3866 abzdnemeu
640 3803 706 3866 und
729 3807 767 3867 zu
790 3803 886 3866 sehen
910 3803 970 3880 ist,
998 3802 1053 3865 das
1076 3801 1187 3865 Gottes
1210 3822 1285 3864 zorn

132 3901 209 3970 fiber
232 3907 291 3970 den
316 3907 457 3970 heilosen
479 3905 617 3983 hauffen,
641 3906 755 3990 hefftig
778 3906 974 3990 angeziiudet
996 3906 1053 3984 ist,
1085 3905 1151 3968 und
1174 3906 1229 3969 das
1253 3927 1285 3969 es

131 4011 206 4076 inen
231 4011 281 4075 nit
305 4011 417 4075 anders
440 4012 542 4096 gehen
566 4014 649 4090 wirt,
674 4013 759 4077 dann
781 4012 840 4077 wie
863 4034 895 4075 es
918 4012 978 4076 den
1002 4011 1200 4075 verstochten
1219 4011 1285 4075 und

131 4115 365 4200 halestarrigen
388 4119 426 4180 ad
449 4117 532 4179 allen
556 4117 657 4179 zeiten
680 4137 806 4201 gangen
839 4116 889 4178 ist.
935 4114 1010 4179 Und
1033 4116 1080 4179 sol
1104 4115 1173 4178 sich
1196 4115 1283 4178 dem·

130 4220 214 4285 nach
248 4219 283 4291 E.
317 4219 360 4282 Μ.
394 4243 456 4283 von
485 4220 560 4284 ineu
592 4242 649 4305 gar
682 4222 877 4285 absonderen
907 4222 972 4284 und
1008 4221 1042 4283 in
1073 4220 1171 4283 disem
1204 4219 1284 4283 han-

131 4326 181 4389 del
214 4326 395 4388 dermassen
427 4326 590 4409 erzeigen,
626 4326 680 4389 das
711 4327 756 4389 sie
788 4325 858 4387 dem
882 4324 1022 4390 obristen
1047 4325 1187 4403 richter,
1222 4325 1284 4389 ires

130 4430 365 4516 ampfangenen
389 4429 528 4494 befelchs
557 4431 622 4495 und
646 4430 903 4495 administration
927 4435 1004 4516 gdte
1026 4431 1098 4496 rede
1121 4431 1187 4494 und
1209 4433 1282 4494 ant-
