2850 5018
683 308 745 370 229

132 478 226 545 Oinoe
247 480 386 563 turpiter
409 480 512 546 affecti
535 483 620 558 sunt,
644 479 767 556 videat3
799 484 837 545 ut
858 480 1152 564 animumadjioiat
1174 483 1213 546 ad
1236 505 1285 547 re·

133 585 350 667 cuperandum
373 607 428 663 ea,
463 605 531 667 quae
562 607 618 668 per
648 586 735 669 ipsos
766 585 873 649 ablata
902 589 978 649 sunt
1008 589 1039 650 et
1062 587 1170 651 avulsa
1193 589 1285 653 malis

132 689 258 753 artibus
279 690 319 753 ab
341 689 492 773 imperia,
527 693 560 754 et
591 711 676 754 nunc
704 690 879 754 honestiori
910 690 1006 754 titulo
1030 696 1197 756 censentur
1220 715 1286 756 esse

131 793 363 877 patrimonium
386 793 482 858 Petri.
529 793 666 878 Cogitat,
692 795 832 877 inquam,
856 815 981 859 eorem
1004 796 1172 879 aliquando
1195 820 1286 881 posse

133 898 256 976 deduci,
290 903 383 983 teque
406 898 524 977 013331,
552 899 637 962 videt
659 899 719 964 1100
741 922 831 984 posse
854 923 919 984 prae
942 902 1055 988 ceteris
1078 924 1141 966 non
1165 903 1286 967 incom-

134 1005 236 1084 mode,
261 1005 316 1088 qui
339 1027 395 1089 per
417 1003 544 1069 ltaliam
568 1005 687 1089 alioqui
710 1006 774 1069 late
796 1006 979 1070 dominaris.

222 1110 266 1174 Et
289 1114 372 1174 certe
395 1132 466 1174 cum
489 1110 532 1173 sit
554 1111 691 1175 ecclesiae
715 1110 878 1187 minister,
911 1114 949 1174 nt
977 1111 1039 1188 ait,
1070 1111 1215 1194 iniquum
1238 1116 1286 1176 est

133 1220 166 1281 et
190 1220 286 1301 turpe
309 1220 341 1280 et
362 1219 473 1281 contra
495 1216 593 1280 bonos
616 1238 729 1293 morea,
754 1217 858 1299 ipsum
880 1220 988 1280 tenere
1011 1216 1165 1293 civitates,
1189 1239 1285 1295 arces,

134 1322 273 1386 diciones
297 1343 334 1406 ac
356 1321 539 1405 municipia.
575 1320 727 1386 Mediocri
750 1321 879 1385 fortuna
899 1321 994 1392 ,debet
1017 1343 1084 1385 esse
1107 1325 1285 1396 contentus

134 1430 166 1490 et
188 1426 318 1490 tandem
341 1426 511 1508 oportebit,
533 1429 570 1489 ut
593 1448 630 1489 ex
655 1426 705 1489 his
728 1426 848 1489 duobus
871 1426 1008 1491 alterum
1031 1425 1147 1510 eligat,
1178 1430 1214 1489 ut
1236 1427 1286 1490 vel

134 1553 240 1616 regem
263 1533 296 1595 et
319 1530 484 1614 politicum
507 1531 644 1613 aliquem
667 1530 843 1614 principem
868 1553 901 1595 se
923 1530 1110 1613 profiteatur
1132 1552 1207 1607 esse,
1236 1530 1285 1594 vel

135 1636 272 1701 ecclesiae
295 1635 488 1699 ministrum.
536 1634 570 1699 si
593 1636 681 1718 prius
704 1634 784 1699 illud
815 1635 928 1720 eligit,
963 1637 1102 1700 discedat
1135 1636 1234 1721 igitur
1268 1660 1286 1700 a

136 1741 278 1825 superbis
299 1740 364 1805 illia
386 1746 418 1805 et
439 1741 589 1805 fastuosis
612 1740 737 1818 tituliS,
774 1762 838 1803 non
867 1741 1039 1818 obtrudat,
1076 1763 1139 1804 non
1172 1741 1286 1804 vendat

136 1847 204 1910 orbi
227 1868 300 1909 suas
324 1849 362 1916 et,
378 1845 563 1910 sanctitates
587 1850 619 1908 et
642 1845 818 1922 beatitateS,
844 1867 907 1908 non
931 1845 1072 1928 patiatur
1096 1846 1173 1909 alios
1196 1868 1286 1930 reges

138 1953 174 2015 ad
196 1951 297 2035 ipsius
319 1973 423 2036 genua
445 1951 604 2034 prosterni
627 1955 779 2032 tanquam
810 1950 1049 2025 adorabundos;
1084 1950 1286 2014 contineatur

137 2057 245 2122 iisdem
268 2056 413 2141 legibus,
449 2056 563 2140 quibus
587 2056 640 2119 alii
666 2056 824 2139 principes
847 2076 975 2132 omnes,
1011 2077 1075 2118 non
1109 2059 1202 2138 putet
1224 2054 1285 2118 sibi

138 2164 305 2247 quicquam
335 2163 429 2226 licere
459 2163 530 2246 plns
563 2183 658 2245 quam
688 2161 780 2237 aliis;
816 2162 970 2243 poeniteat
1001 2161 1104 2244 ipsum
1135 2164 1286 2225 anteactae

138 2266 345 2353 turpitudinis
368 2270 401 2331 et
423 2267 514 2344 vita,
545 2266 699 2346 fateatur,
732 2289 751 2330 a
774 2286 816 2329 se·
830 2267 957 2350 suisque
979 2266 1153 2350 majoribus
1178 2267 1286 2330 orbem

138 2377 291 2439 terrarum
315 2393 382 2436 esse
404 2372 651 2436 circumventum
675 2372 815 2450 nefarie,
852 2372 977 2436 nullum
999 2393 1089 2455 posse
1113 2371 1286 2456 excogitari

139 2478 328 2564 supplicium
350 2477 427 2540 satis
450 2481 550 2554 atrox,
575 2482 606 2540 et
626 2477 757 2561 dignum
774 2477 873 2540 tantis
889 2476 1038 2561 flagitiis3
1064 2477 1186 2540 veniam
1210 2498 1285 2560 sup-

139 2585 207 2667 plex
229 2586 338 2668 petat,
368 2584 399 2645 et
428 2582 600 2646 condonari
624 2583 685 2645 sibi
709 2603 824 2646 noxam
847 2582 972 2665 flagitet
994 2581 1034 2646 ab
1057 2582 1204 2646 omnibus
1228 2581 1284 2644 ho·

138 2691 258 2756 minum
282 2686 550 2769 ordi[Vij]nibus;
586 2692 618 2750 et
648 2686 909 2769 quemadmodum
933 2685 1019 2749 ferus'
1041 2690 1134 2750 antea
1157 2686 1219 2749 fuit
1250 2708 1286 2750 ac

140 2792 360 2870 intolerabilis,
383 2792 429 2855 ita
451 2791 495 2855 sit
517 2791 663 2875 deinceps
686 2796 868 2856 mansuetus
891 2796 923 2855 et
946 2790 1120 2854 submissus
1143 2795 1175 2854 et
1195 2790 1284 2868 lenis,

703 2914 721 2952 a

137 3004 281 3084 betlisch,
304 3025 375 3067 zum
398 3003 477 3067 thei]
500 3003 682 3067 rauberisch
705 3001 835 3078 innbat,
863 3002 928 3065 und
951 3001 1005 3064 der
1029 3000 1159 3064 kirchen
1183 3001 1284 3083 patri·

136 3111 277 3176 monium
301 3112 435 3185 nennet,
466 3109 640 3173 widerurnb
663 3131 703 3172 an
727 3107 794 3171 sich
817 3106 969 3190 bringen,
998 3105 1063 3169 und
1087 3106 1142 3169 das
1165 3104 1202 3169 E.
1227 3104 1282 3181 M,

136 3217 180 3280 als
204 3216 255 3280 die
277 3236 318 3279 011
342 3213 397 3277 das
420 3214 472 3276 ein
494 3211 680 3296 gewaltiger
702 3212 775 3275 11011
799 3211 832 3273 in
857 3209 973 3273 Italian
1006 3210 1069 3288 ist,
1105 3208 1206 3272 solchs
1237 3208 1286 3271 nit

136 3320 324 3388 sohwttrlich
346 3315 495 3384 ausfdren
522 3318 655 3383 mdchte.

221 3426 316 3490 Denn
338 3426 383 3489 im
406 3426 452 3490 als
475 3425 578 3489 einem
600 3422 849 3509 kirchendiener,
874 3423 928 3486 der
951 3421 1019 3486 sich
1042 3422 1101 3484 mit
1123 3421 1197 3485 kost
1220 3421 1286 3484 und

135 3532 206 3615 [55]
227 3531 348 3595 kleider
371 3529 418 3593 sol
440 3525 585 3614 bendgen
608 3529 721 3606 lassen,
745 3529 804 3592 wie
828 3528 877 3592 dic
893 3526 1024 3592 Schrifft
1047 3533 1129 3612 sagt,
1152 3521 1284 3611 geblirts

134 3637 193 3714 nit,
216 3635 292 3700 land
315 3634 379 3697 und
403 3635 470 3697 leut
492 3637 530 3698 ad
553 3634 705 3718 regieren,
730 3633 886 3698 schlbsser
908 3634 974 3697 und
991 3638 1057 3697 st'at
1070 3632 1282 3709 innzdhaben,

135 3764 166 3806 cs
191 3741 263 3805 sind
295 3739 562 3823 incompatibilia,
598 3738 671 3802 Und
700 3762 735 3804 er
766 3743 835 3803 111113
858 3738 983 3802 3111111011
1008 3738 1062 3801 der
1085 3737 1195 3801 zweier
1218 3738 1285 3801 eins

134 3846 226 3924 thdn,
244 3844 413 3909 cintweder
428 3845 479 3907 ein
495 3844 669 3908 weltlicher
684 3842 865 3928 regirender
881 3843 963 3920 herr,
981 3842 1054 3907 oder
1070 3843 1121 3906 ein
1137 3843 1285 3907 kirchen·

134 3951 243 4015 diener
273 3949 358 4028 sein,
392 3948 457 4013 Das
489 3971 522 4011 er
545 3949 628 4012 diser
650 3949 760 4012 zweier
784 3948 851 4011 eins
874 3945 962 4011 wble'.
1008 3947 1089 4010 Will
1112 3969 1145 4010 er
1168 3971 1212 4011 nu
1234 3948 1286 4011 ein

133 4055 317 4140 regirender
339 4054 412 4118 herr
435 4054 517 4132 sein,
550 4054 604 4117 das
627 4077 661 4118 31
683 4055 768 4118 dann
792 4054 841 4117 die
864 4053 938 4117 walt
960 4052 1020 4115 mit
1042 4052 1146 4116 seiner
1169 4053 1284 4136 heilig-

133 4160 201 4224 keit
223 4143 401 4244 ungeplagt
423 4160 487 4223 und
509 4181 730 4224 unverworren
755 4161 855 4236 lasse,
891 4159 946 4222 das
980 4180 1013 4221 er
1045 4157 1111 4221 sich
1135 4158 1203 4221 halt
1226 4159 1285 4221 wie

133 4266 249 4330 andere
271 4264 472 4330 Potentaten.
518 4265 599 4330 Will
621 4288 655 4329 er
677 4266 752 4329 aber
775 4266 827 4329 ein
849 4263 1091 4328 kirchendiener
1114 4263 1197 4340 sein,
1230 4262 1285 4325 das

133 4392 167 4434 er
190 4370 276 4435 dann
299 4371 497 4454 demjhenen,
521 4394 556 4436 30
580 4373 635 4438 das
660 4372 795 4435 schwert
818 4393 880 4436 von
905 4369 967 4434 Got
992 4368 1116 4433 befolen
1138 4367 1200 4446 ist,
1224 4367 1285 4433 den
