2850 5018
683 353 745 414 213

131 526 261 592 ridiana
281 525 398 592 clarius
421 529 478 591 est.
525 526 602 603 Ques
625 525 752 608 quidem
776 526 924 608 superbie
952 530 1020 591 tam
1052 526 1134 593 foede
1162 527 1291 592 miscuit

131 633 250 710 omnia,
275 631 422 696 confudit
443 635 476 695 et
497 631 649 708 turbavit,
672 633 764 695 tante
787 653 912 715 quoque
933 633 1085 696 vitiorum
1100 637 1132 698 et
1147 655 1289 698 errorum

132 737 285 802 colluvies
308 737 349 802 ab
378 736 438 801 hoc
468 736 616 819 pestifero
649 735 738 800 fonte
769 736 957 801 redundavit
992 739 1024 800 in
1060 761 1169 802 omnes
1203 739 1289 803 orbis

133 843 311 909 Christiani
332 842 533 926 provincias,
567 843 603 905 ut
636 840 728 904 hodie
759 842 868 925 magni
891 843 986 906 etiam
1010 843 1071 906 viri
1094 843 1208 926 saepius
1232 844 1289 908 ob-

132 950 328 1038 stupescant,
352 951 385 1011 et
406 968 512 1010 secum
528 946 712 1023 deliberent,
737 969 799 1029 qua
815 947 1014 1030 potissimum
1031 949 1155 1012 ratione
1170 951 1289 1013 malum

132 1052 219 1116 istud
242 1055 310 1116 tam
333 1055 461 1116 taetrum
484 1056 515 1115 et
539 1051 751 1114 inveteratum
778 1053 882 1115 curari
905 1053 1015 1136 possit.
1064 1055 1153 1131 Quod
1184 1055 1289 1137 ipsum

133 1159 278 1242 exemplo
301 1156 393 1221 nobis
416 1177 481 1220 esse
504 1157 597 1220 debet
619 1155 768 1239 omnique
789 1157 988 1238 posteritati,
1019 1162 1056 1222 ut
1078 1160 1206 1224 videant
1229 1159 1287 1224 ho-

132 1264 254 1341 mines,
291 1284 387 1345 quam
416 1261 581 1325 horrendus
603 1261 741 1325 tenebrae
765 1265 936 1326 nascantur
959 1285 998 1326 ex
1020 1263 1083 1327 ista
1105 1265 1235 1330 licentia
1258 1269 1290 1329 et

131 1367 323 1444 temeritate,
347 1388 418 1431 curn
442 1367 598 1450 evangelii
621 1367 766 1431 doctrina
789 1368 913 1450 rapitur
937 1368 974 1431 ad
999 1374 1174 1452 quaestum,
1197 1374 1231 1435 'et
1254 1372 1288 1434 in

132 1473 322 1537 traditiones
345 1472 498 1536 humanas
523 1472 653 1535 omnino
677 1472 855 1556 degenerat.

221 1578 383 1656 Socraten,
413 1577 468 1641 ille
488 1576 653 1659 sapientiae
676 1576 767 1639 laude
790 1577 1002 1656 clarissimus,
1034 1579 1081 1643 ait
1102 1580 1198 1643 telem
1223 1602 1290 1645 esse

134 1684 276 1749 hominis
299 1685 465 1759 naturam,
499 1685 557 1758 ut,
592 1680 620 1744 si
650 1683 838 1763 potestatem
861 1703 985 1746 omnem
1011 1687 1095 1749 solus
1118 1684 1233 1750 habeat
1256 1690 1288 1750 et

135 1810 192 1872 pro
215 1808 272 1852 suo
295 1786 453 1851 arbitratu
477 1785 548 1848 aliis
571 1785 727 1867 imperare
743 1785 852 1867 possit,
876 1786 988 1850 evadat
1004 1789 1165 1870 superbus,
1189 1790 1288 1870 ferox,

137 1892 349 1958 intolerabilis
372 1913 407 1955 ao
429 1891 523 1973 plane
546 1894 711 1974 tyrannus.
756 1888 826 1954 Nec
847 1891 931 1953 enim
953 1895 1001 1954 est
1031 1893 1187 1977 cujusviS,
1220 1915 1287 1957 mo-

136 2001 243 2064 derate
266 2000 298 2062 et
320 1995 520 2079 aequabiliter
541 1995 624 2059 ferre
647 2015 831 2077 prosperum
860 1995 997 2058 fortunae
1026 2018 1160 2062 cursum.
1209 2000 1287 2076 Qui-

137 2126 259 2189 cunque
280 2101 435 2184 {fuerunt
457 2100 557 2184 igitur
580 2098 714 2184 singulis
737 2100 932 2182 temporibus
956 2100 1075 2165 laudati
1098 2124 1205 2187 reges,
1237 2107 1286 2168 at-

139 2232 196 2294 que
219 2207 379 2293 principes
402 2227 466 2269 non
489 2204 676 2287 poenitendi,
702 2203 783 2268 viros
807 2205 905 2269 honos
928 2205 962 2268 in
980 2207 1147 2271 consilium
1164 2230 1287 2292 semper

706 2325 723 2364 ,Υ
1192 2323 1197 2332 .

137 2420 177 2485 sie
201 2418 271 2484 sich
294 2440 365 2480 zum
387 2418 504 2482 letsten
528 2411 606 2479 fiber
637 2413 851 2478 mensehllche
883 2419 978 2479 natur
1007 2417 1072 2480 und
1100 2440 1202 2482 wesen
1228 2441 1286 2483 an-

137 2527 300 2610 gemasset,
323 2524 403 2589 anch
427 2545 484 2588 vor
507 2521 641 2586 irdische
658 2519 719 2585 th
741 2521 845 2584 haben
869 2521 982 2585 wollen
1005 2522 1119 2585 erhant
1142 2524 1207 2587 und
1230 2546 1286 2608 ge-

137 2631 243 2696 halten
265 2629 345 2706 sein,
368 2629 427 2692 wie
450 2628 535 2692 donn
560 2626 663 2690 solchs
685 2627 845 2690 iederman
861 2627 984 2710 lrilndig
1000 2626 1080 2690 auch
1095 2629 1286 2693 unvernein-

87 2756 90 2761 ·
136 2735 196 2800 lich
220 2735 271 2800 ist.
318 2734 425 2799 Daher
456 2734 540 2797 dann
570 2731 676 2795 solehe
706 2728 806 2795 whste
836 2732 1060 2815 vermisehung
1081 2734 1146 2798 und
1169 2756 1284 2798 verun-

136 2841 305 2926 reinigung
327 2840 405 2903 aller
428 2840 515 2923 diug,
540 2838 637 2902 durch
660 2839 714 2913 sie,
743 2838 777 2900 in
801 2837 850 2900 die
873 2839 947 2902 welt
971 2838 1208 2923 ausgesch'uttet
1230 2841 1282 2918 ist,

136 2945 186 3009 dus
211 2966 285 3008 man
309 2944 434 3028 heutigs
458 2945 530 3026 tags
553 2941 603 3005 nit
624 2941 686 3005 wol
709 2941 805 3017 weis,
839 2941 914 3019 wie,
944 2941 1018 3006 oder
1041 2966 1089 3007 wo
1112 2967 1203 3008 mans
1226 2968 1283 3008 an·

138 3049 269 3134 greiffen
292 3049 347 3112 sol.
384 3047 511 3112 Welchs
528 3070 588 3111 uns
612 3047 676 3111 und
700 3069 833 3111 unseren
858 3048 1126 3128 nachkomenden,
1151 3059 1186 3115 so
1209 3052 1286 3136 lang

135 3155 182 3220 die
204 3154 280 3219 welt
302 3154 414 3219 stehen
436 3149 529 3231 wdrt,
552 3157 591 3218 nd
613 3154 716 3217 einem
739 3153 860 3236 ewigen
876 3151 1028 3238 Exempel
1048 3155 1113 3218 und
1129 3177 1286 3240 warnung

134 3260 245 3325 dienen
268 3260 326 3337 sol,
350 3264 388 3325 ull
411 3261 580 3339 erkennen,
605 3283 669 3323 was
692 3279 825 3344 grossen
844 3258 979 3341 jemers,
1007 3260 1073 3323 und
1095 3260 1154 3324 wie
1177 3281 1285 3344 grosse

135 3365 296 3430 finsternis
319 3365 353 3428 in
377 3365 461 3429 allen
485 3365 603 3450 dingen
626 3360 788 3442 ffirfallet,
821 3387 914 3429 wenn
945 3365 995 3428 die
1017 3366 1080 3430 lere
1103 3367 1157 3430 des
1180 3364 1285 3429 Evan-

134 3471 196 3555 geli
228 3471 483 3556 verunreiniget,
520 3471 584 3534 und
608 3469 719 3534 Gottes
748 3471 832 3548 lere,
868 3470 902 3533 in
933 3469 1104 3535 menschen
1127 3470 1191 3534 lere
1215 3492 1283 3535 ver-

135 3575 224 3640 heret
246 3576 331 3639 wirt.
479 3577 482 3583 ’

217 3680 284 3744 Der
306 3680 586 3764 hochverniinfftig
609 3679 753 3745 Socrates
777 3684 870 3763 sagt,
905 3703 937 3745 es
968 3681 1011 3743 sei
1043 3682 1117 3745 umb
1141 3681 1285 3745 mensch-

133 3785 211 3851 liche
234 3789 330 3849 natur
353 3766 419 3850 also
440 3785 570 3870 gethon,
595 3808 687 3849 wenn
711 3785 811 3849 einem
837 3786 1006 3849 menschen
1031 3786 1137 3873 allein,
1162 3788 1216 3851 das
1235 3808 1284 3850 re-

133 3893 257 3976 giment
278 3913 317 3955 on
343 3891 427 3954 allen
451 3912 568 3975 auszug
590 3891 655 3954 und
679 3890 848 3954 widerredo
872 3891 1057 3974 adgestellet
1080 3891 1138 3968 ist,
1163 3913 1197 3955 so
1220 3891 1284 3953 lran

133 4019 163 4061 es
184 3998 237 4061 nit
259 3996 372 4061 andere
395 3996 546 4081 zugehen,
571 4019 604 4061 er
627 3996 701 4060 wirt
723 3995 827 4072 stulta,
852 3995 1014 4078 hoffertig,
1037 3995 1122 4072 wild,
1151 3996 1284 4072 toreoht,

133 4100 314 4180 unleidlich,
339 4102 403 4165 und
428 4102 487 4165 wie
509 4124 583 4165 man
607 4101 797 4186 gemeinlich
820 4105 902 4185 sagt,
926 4101 989 4164 ken
1014 4123 1047 4165 er
1070 4100 1120 4165 die
1136 4105 1213 4186 grite
1228 4104 1284 4184 tag

132 4201 204 4272 thel
227 4206 342 4283 leiden,
365 4204 503 4282 Summa,
528 4228 561 4269 er
584 4229 653 4271 nius
677 4211 749 4271 zdm
772 4211 930 4291 tyrannen
954 4209 1094 4291 gersten.
1142 4204 1284 4268 Darumb

132 4311 189 4376 het
211 4311 292 4376 euch
316 4311 368 4374 nie
390 4312 465 4374 lrein
488 4311 600 4376 Keiser
624 4313 698 4375 oder
721 4311 830 4396 Kbnig
860 4313 988 4377 solchen
1019 4313 1136 4397 gewelt
1166 4310 1285 4394 gehabt

134 4417 190 4502 (ist
213 4439 247 4483 er
270 4417 399 4482 underst
422 4417 472 4480 ein
503 4417 626 4482 reehter
649 4417 756 4502 Kbnig
787 4421 945 4504 genesen)
976 4419 1030 4482 das
1060 4438 1094 4480 er
1124 4416 1157 4480 in
1190 4415 1284 4480 allem
