2850 5018
623 339 665 402 49

63 514 180 589 terent,
201 464 383 594 quicunque
397 507 554 595 legebant,
579 509 728 593 legebant
742 511 848 574 autem
864 510 954 576 valde
976 510 1078 595 pauci,
1103 534 1216 595 puram

62 620 95 680 et
115 613 329 698 impollutam,
352 618 385 678 et
407 615 429 678 ii
452 614 580 698 quidem
602 637 728 692 omnes,
753 616 848 679 variis
872 616 901 680 ei
924 617 1107 682 nominibus
1131 619 1214 683 obli·

60 720 138 806 gati.
186 717 284 783 Nunc
307 739 390 796 ver0,
415 741 512 802 quum
535 723 660 802 tempus
682 720 780 798 adest,
804 724 841 784 ut
863 725 1006 800 corruat,
1030 725 1067 785 ut
1090 722 1217 806 insigne

57 824 202 908 praebeat
225 822 295 888 orbi
319 822 356 886 de
379 845 412 887 66
435 825 659 907 spectaculum,
683 831 816 889 conatur
839 826 959 909 eripere
981 832 1014 890 et
1033 831 1219 909 extorquere

59 928 250 994 hominibus
271 927 521 992 instrumentum
545 929 641 1006 illud,
676 950 739 1012 666
761 951 850 993 suam
875 930 1072 1013 impietatem
1095 953 1130 996 ao
1152 952 1219 997 sce·

60 1034 130 1099 lera
150 1032 243 1096 videt
264 1053 331 1096 6666
353 1031 521 1115 patefacta.
564 1032 746 1097 Proximum
762 1040 794 1097 et
808 1035 944 1098 alterum
967 1036 1148 1119 praesidium
1172 1041 1220 1101 est

65 1135 308 1220 arma[D]tum:
330 1135 420 1200 saevit
442 1137 522 1223 igni,
545 1136 641 1216 ferro,
664 1139 793 1222 laqueo,
816 1139 964 1204 fluctibus
986 1145 1019 1206 et
1043 1143 1150 1220 undis,
1182 1145 1219 1206 ut

65 1265 220 1330 agnoscas
253 1242 428 1320 artificem,
461 1243 553 1307 illum
585 1245 753 1328 antiquum
783 1244 914 1309 humani
936 1248 1062 1330 generis
1085 1247 1219 1324 hostem,

65 1347 125 1431 qni
148 1347 282 1411 cedibus
305 1350 338 1410 ct
359 1348 516 1433 sanguine
539 1349 721 1413 delectatur.
767 1348 812 1413 Ut
841 1354 946 1413 autem
970 1352 1013 1415 sit
1035 1352 1219 1430 terribilior,

67 1452 282 1537 exploratores
305 1451 403 1516 habet
424 1476 481 1537 per
503 1454 610 1519 omnia
631 1475 740 1539 regna,
763 1460 877 1519 vocant
901 1455 1125 1540 inquisitores,
1148 1456 1219 1539 qui·

65 1558 124 1622 bus
149 1557 210 1623 hoc
232 1561 280 1622 est
303 1560 505 1624 commissum
528 1582 662 1638 munus,
686 1564 722 1624 ut
745 1583 796 1625 666
819 1583 944 1641 omnes,
979 1562 1035 1645 qui
1057 1561 1217 1625 dominam

636 1680 655 1719 a

68 1771 160 1833 ment
191 1790 271 1833 ceux
301 1769 356 1852 qui
380 1769 518 1853 lisoyent
544 1768 742 1834 l’ltscriture:
766 1792 800 1835 ce
823 1771 877 1855 qui
902 1772 1027 1836 avenoit
1054 1775 1159 1854 apen,
1183 1770 1221 1836 de

65 1875 97 1939 la
119 1873 181 1938 lire
214 1895 293 1956 pure
324 1877 356 1937 et
380 1895 443 1938 non
473 1873 624 1938 falsifide:
650 1874 721 1956 [23]
738 1874 821 1958 joint
848 1897 908 1959 666
925 1882 995 1940 tous
1010 1876 1071 1941 tels
1086 1875 1222 1941 lecteurs

65 1979 122 2064 luy
135 1980 283 2063 estoyent
297 1981 423 2043 ettenus
446 2001 486 2042 en
507 1978 643 2043 diverses
667 1983 776 2044 sortes.
812 1979 842 2043 A
857 1985 985 2063 present
1000 2003 1060 2064 666
1075 1981 1105 2046 16
1118 1986 1221 2064 temps

67 2088 116 2147 cst
138 2105 223 2148 venu
247 2083 361 2166 auquel
391 2083 415 2146 il
445 2083 518 2148 faut
552 2084 630 2166 qu'il
661 2083 768 2148 tombe
798 2086 831 2146 et
859 2087 922 2148 soit
949 2106 989 2148 en
1023 2089 1148 2150 mentre
1181 2107 1222 2149 66

67 2189 224 2272 spectacle
254 2210 295 2252 au
328 2188 459 2265 monde,
495 2189 518 2251 il
549 2209 582 2252 se
612 2188 757 2272 perfores
788 2190 903 2255 d'oster
932 2195 964 2255 et
992 2192 1138 2256 arracher
1160 2214 1222 2256 aux

68 2292 214 2357 hommes
236 2293 456 2357 l'instrumeut
485 2315 544 2376 par
576 2293 679 2377 lequel
701 2294 725 2357 il
757 2296 824 2358 voit
855 2316 913 2358 666
942 2294 1070 2377 impieta
1097 2299 1130 2359 et
1154 2317 1221 2360 me·

67 2398 220 2463 chancetd
249 2397 377 2463 decelee.
416 2396 544 2462 L'autre
576 2398 781 2463 fortification
805 2398 883 2462 dont
907 2399 930 2463 il
956 2421 990 2462 66
1010 2399 1130 2478 munit,
1157 2400 1223 2484 gist

67 2524 108 2566 en
141 2523 264 2568 armes:
304 2523 356 2566 car
389 2502 413 2565 il
447 2523 554 2566 exerce
588 2525 623 2567 sa
655 2506 784 2568 cruaute‘
818 2525 874 2586 par
897 2503 984 2583 feuz,
1021 2505 1159 2590 glaives,
1182 2505 1222 2569 li·

68 2611 153 2684 cols,
190 2631 272 2674 6666
295 2613 327 2673 et
350 2609 466 2687 ondes,
500 2630 581 2692 pour
610 2614 643 2674 te
672 2611 794 2674 donner
818 2613 836 2674 a
860 2610 1039 2695 cognoietre
1071 2614 1135 2675 cest
1165 2632 1222 2675 ou·

68 2716 163 2794 vrier,
188 2713 301 2778 ancien
323 2714 454 2778 ennemi
470 2714 511 2778 du
527 2734 624 2798 genre
647 2713 789 2793 humain,
819 2716 873 2799 qui
900 2737 934 2779 66
949 2715 1065 2800 baigne
1088 2737 1127 2778 en
1142 2736 1223 2800 sang

67 2823 101 2884 et
122 2823 289 2884 meurtres.
321 2818 405 2891 Pour
422 2840 548 2883 6666666
571 2841 604 2883 66
620 2819 698 2883 16166
723 2820 795 2904 plus
822 2821 951 2885 terrible
972 2824 1005 2884 et
1029 2819 1222 2898 redoutable,

68 2927 94 2991 il
122 2951 143 2992 6
177 2928 232 2990 des
265 2925 391 3009 espions
428 2947 486 3008 par
521 2930 592 2989 tous
628 2947 811 3010 royaumes,
848 2925 940 3008 qu'ils
972 2926 1135 3009 appellent
1166 2923 1222 2989 In-

643 3044 659 3082 ss

68 3134 146 3198 nian
179 3155 296 3218 puray
319 3134 369 3198 sin
392 3134 610 3217 depravacion,
635 3134 724 3198 todos
747 3157 786 3198 en
803 3119 854 3198 'fin
880 3135 909 3199 le
934 3136 1033 3199 daven
1062 3135 1094 3199 la
1121 3136 1221 3200 iuter·

68 3239 251 3322 pretacion,
286 3240 398 3321 66661
422 3240 547 3322 queria,
578 3259 654 3323 yse
676 3239 813 3323 guiavan
837 3262 894 3324 por
918 3263 953 3303 66
973 3240 1079 3325 juyzio
1103 3240 1170 3317 del,
1201 3264 1223 3326 y

70 3346 163 3409 todos
197 3344 228 3409 le
253 3349 382 3409 estavau
406 3366 464 3428 por
480 3346 618 3409 diversos
641 3349 799 3427 respectos
817 3344 991 3429 obligados
1023 3344 1103 3410 Pero
1127 3367 1224 3430 66666

71 3471 133 3533 666
148 3472 190 3534 ya
205 3471 238 3513 es
254 3449 366 3513 venido
379 3449 409 3513 el
423 3450 543 3533 tiempo
559 3472 619 3533 que
635 3470 743 3533 cayga,
760 3472 782 3533 y
795 3471 854 3532 que
866 3449 905 3513 de
917 3473 980 3514 666
993 3455 1133 3515 66666166
1148 3473 1224 3537 muy

72 3554 224 3619 schalada
247 3554 278 3618 al
301 3554 428 3634 mundo,
452 3557 576 3640 trabaja
598 3576 656 3637 por
679 3558 783 3618 tomar
805 3577 826 3638 y
849 3554 955 3636 quitor
977 3576 1035 3638 por
1058 3555 1165 3641 166666
1188 3558 1225 3620 de

72 3661 119 3724 166
145 3679 257 3722 manos
275 3660 313 3721 de
334 3659 381 3721 166
397 3657 544 3723 hombres
559 3659 652 3743 aquel
674 3658 777 3734 libro,
800 3679 857 3722 con
881 3658 911 3722 el
934 3659 1009 3741 qual
1033 3681 1087 3723 666
1110 3681 1170 3744 666
1193 3683 1226 3724 66

73 3763 226 3828 descubre
255 3785 292 3825 su
325 3762 492 3846 impiedad,
522 3785 574 3827 sus
599 3766 766 3842 maldades,
790 3788 812 3849 y
838 3765 1099 3843 abominacioneS,
1122 3789 1144 3850 y
1166 3789 1225 3831 son

74 3868 282 3954 enderecados
313 3867 361 3931 166
391 3867 538 3933 hombres
569 3893 628 3953 por
651 3872 680 3935 el
711 3871 835 3935 camino
858 3871 894 3933 de
918 3871 949 3933 16
983 3871 1152 3935 verdadera
1174 3894 1224 3936 sa·

73 3974 138 4039 lud.
187 3971 228 4036 ul
250 3973 390 4056 segundo
421 3973 558 4055 presidio
589 3997 650 4058 666
674 3999 692 4039 6
715 3980 780 4038 este
801 3996 834 4038 66
856 3976 946 4059 61666
968 3974 1079 4059 16666,
1110 3997 1142 4038 66
1173 3999 1225 4039 66-

76 4079 178 4144 madc.
227 4077 352 4160 Porque
375 4077 520 4160 persigue
542 4103 561 4144 a
582 4081 695 4165 16666,
730 4103 793 4164 ya
815 4101 945 4165 sangre,
981 4101 1039 4143 con
1070 4079 1174 4144 hierro
1205 4104 1226 4164 y

79 4183 174 4265 [137]
197 4182 301 4246 dando
334 4173 471 4266 garrote,
493 4206 514 4267 y
539 4206 597 4249 con
625 4206 724 4269 agua,
748 4206 887 4270 peraque
915 4206 948 4246 66
971 4185 1072 4267 pueda
1095 4205 1227 4249 conocer

79 4289 177 4372 mejor
200 4287 229 4352 el
253 4288 383 4366 artifice,
407 4292 628 4374 6666666661
651 4291 796 4374 enemigo
820 4290 952 4373 antiguo
971 4288 1021 4352 del
1048 4288 1154 4375 116666
1166 4290 1224 4355 hu-

79 4414 190 4471 mano,
215 4414 275 4476 666
298 4414 331 4455 66
354 4414 428 4458 ceva
450 4416 509 4458 con
544 4399 690 4480 matary
725 4395 885 4460 derramar
916 4415 1040 4479 sangre.
1086 4394 1117 4458 Y
1149 4418 1226 4479 para

121 4514 248 4556 Stetdauua
1000 4499 1017 4551 4
