2850 5018
609 366 671 427 237

59 537 221 615 credibile,
248 559 374 601 rursum
398 535 557 615 adieretis,
581 537 752 602 leviuscula
775 541 859 614 sunt,
884 559 985 622 neque
1007 539 1104 623 digna
1126 539 1214 618 satis,

59 664 131 726 quae
153 643 337 707 recitentur.
382 641 457 707 Non
483 642 517 705 in
540 664 576 706 eo
598 644 734 708 vertitur
765 642 947 726 negotium,
983 649 1015 708 ct
1045 644 1214 708 ridiculum

61 752 111 811 est
133 747 322 811 institutum
346 751 497 825 vestrum,
521 747 573 811 sed
598 746 651 813 hic
673 751 720 811 est
742 748 843 811 nodus
868 747 930 825 ille,
956 770 1049 831 quem
1073 770 1126 813 vos
1150 769 1216 812 non
1267 761 1269 764 ⁴

61 851 239 936 attingitis:
270 853 412 915 onmium
444 851 590 916 videlicet
619 852 835 916 calamitatum
865 855 897 916 et
925 852 1210 935 perturbationum,

61 957 176 1039 quibus
199 956 294 1020 hodie
317 956 496 1020 concutitur
518 955 614 1035 orbis,
637 977 692 1020 vos
716 977 782 1020 esse
805 959 957 1034 auctores,
984 961 1015 1021 et
1038 958 1115 1022 adeo
1138 980 1213 1023 con-

61 1066 241 1148 spurcatam
266 1083 333 1126 esse
362 1061 540 1126 doctrinam
571 1067 705 1126 vestram
738 1083 863 1125 omnem
897 1065 992 1144 atque
1024 1063 1142 1140 vitam,
1177 1067 1214 1127 ut

61 1168 144 1232 nihil
167 1166 309 1244 omnino,
334 1166 417 1249 duod
440 1166 577 1230 salutare
602 1167 645 1229 sit
667 1170 762 1248 atque
781 1171 912 1244 rectum,
935 1166 1054 1249 sperari
1071 1167 1108 1231 de
1124 1168 1213 1233 vobis

61 1272 170 1355 possit.
217 1268 251 1335 si
283 1291 357 1334 vero
388 1292 452 1333 non
487 1270 525 1335 ad
550 1270 797 1335 ludificationem
820 1270 1007 1335 instituistis
1028 1271 1109 1335 illud
1131 1273 1213 1338 Vin·

63 1377 224 1442 centinum
247 1375 433 1453 concilium,
464 1397 520 1440 cur
543 1397 608 1439 non
639 1376 813 1441 observatis
844 1398 900 1454 ea,
935 1398 1004 1459 quae
1027 1380 1103 1442 tunc
1124 1378 1214 1444 vobis

62 1482 256 1546 emendanda
278 1502 343 1544 esse
366 1480 565 1560 videbantur,
590 1502 664 1544 non·
678 1503 786 1546 revera
808 1481 945 1564 quidem,
969 1481 1022 1544 sed
1044 1482 1157 1546 callida
1179 1487 1211 1548 et

62 1586 233 1651 insidiose?
278 1583 365 1650 Num
396 1585 435 1648 ab
468 1606 504 1649 eo
537 1588 677 1668 tempore
707 1586 790 1669 lupae
819 1589 895 1650 sunt
918 1608 934 1650 e
957 1588 1068 1652 vestris
1092 1588 1211 1652 aedibus

65 1692 192 1774 ejectae?
238 1688 290 1754 An
313 1688 472 1772 impuram
503 1689 592 1753 illam
623 1690 907 1768 nundinationem,
943 1713 1038 1775 quam
1061 1693 1212 1758 exercetis
1264 1774 1267 1781 Ι

64 1797 94 1860 in
119 1796 211 1861 bonis
235 1794 445 1872 ecclesiarum,
470 1794 664 1858 sustulistis?
694 1793 747 1859 An
763 1818 827 1860 uno
843 1795 948 1879 aliquo
972 1799 1113 1862 contenti
1137 1799 1211 1863 estis

63 1901 265 1986 episcopatu?
310 1899 397 1978 Num
422 1901 470 1965 vel
493 1900 611 1964 docetis
634 1900 697 1984 ipsi
720 1901 888 1984 populum,
920 1903 969 1966 vel
1002 1905 1114 1987 saltem
1137 1928 1211 1988 pro·

63 1995 194 2084 videtis,
229 2009 267 2069 ut
298 2008 382 2071 recte
414 2005 624 2069 instituatur?
657 2027 698 2068 an
726 2005 832 2088 potius
862 2027 973 2091 regum
995 2010 1071 2072 estis
1093 2008 1211 2093 ubique

64 2112 257 2176 sectatores?
296 2109 352 2191 [X]
377 2107 458 2184 Quid
481 2132 500 2173 a
521 2109 610 2174 vobis
633 2111 859 2193 expectandum
885 2116 942 2191 est,
968 2112 1022 2193 qui
1045 2113 1148 2176 solum
1171 2116 1211 2179 ad

63 2215 202 2280 fraudem
225 2217 257 2279 et
279 2214 452 2278 ludibrium
475 2215 616 2278 intentos
639 2214 762 2279 habetis
786 2216 931 2281 animos?
977 2216 1056 2281 Cum
1079 2219 1140 2283 erit
1159 2220 1208 2304 εἰ·

64 2321 144 2384 milis
176 2325 282 2384 vestra
314 2319 476 2398 condicio,
513 2320 615 2402 qualis
648 2320 710 2384 fuit
742 2322 959 2406 episcoporum
995 2345 1122 2404 eorum,
1157 2324 1211 2407 qui

64 2426 240 2510 sumptibus
263 2424 389 2507 imperii
406 2424 635 2489 conveniebant
650 2425 688 2488 ad
705 2424 783 2489 illud
800 2426 1038 2491 celeberrimum
1054 2428 1211 2493 Nioeuum

63 2531 237 2608 concilium,
261 2529 313 2592 cui
335 2527 437 2593 Caesar
461 2528 689 2593 Constantinus
714 2535 856 2613 praeerat,
880 2535 949 2595 tum
972 2533 1032 2596 erit
1056 2555 1120 2596 nou
1145 2533 1207 2596 dif-

52 2635 141 2700 ficile
171 2656 230 2699 nec
262 2632 514 2711 incommodum,
548 2634 630 2697 inire
661 2635 821 2700 vobiscum
856 2637 942 2718 pacis
974 2642 1007 2701 et
1038 2638 1211 2702 concordiae

627 2810 644 2848 ss

61 2950 201 3015 uariimb
225 2951 329 3014 thdnd
353 2950 382 3013 ir
404 2950 454 3013 nit
477 2950 557 3014 nach
580 2949 635 3013 der
657 2950 765 3014 selben
789 2949 940 3016 innhalt?
971 2953 1060 3017 Habt
1082 2955 1110 3018 ir
1134 2954 1211 3020 scit-

60 3055 113 3120 her
137 3055 194 3119 der
216 3055 278 3119 zeit
300 3077 380 3119 ewer
402 3056 606 3139 hdrenwesen
631 3056 829 3140 gemassigt?
853 3056 931 3120 habt
946 3058 974 3121 ir
991 3059 1041 3122 die
1057 3065 1210 3145 symonei,

59 3162 194 3238 milcher,
218 3159 282 3223 und
306 3159 366 3222 den
388 3179 519 3243 grossen
542 3163 623 3224 wirst
645 3161 710 3224 und
734 3161 843 3239 unflat,
872 3183 906 3224 so
929 3162 958 3224 ir
981 3163 1035 3226 inu
1061 3167 1120 3228 den
1143 3166 1211 3229 kir-

59 3266 157 3343 chen,
190 3265 245 3330 das
267 3265 328 3341 ist,
364 3263 418 3326 der
441 3286 557 3365 armen⁴
572 3264 638 3327 und
661 3266 871 3350 notiirfftigen
895 3261 1006 3352 gdter,
1043 3270 1212 3334 versamlet

59 3371 123 3435 und
147 3368 308 3454 gehauffet
331 3368 425 3447 habt,
461 3369 643 3453 abgothon?
691 3371 780 3436 Habt
802 3371 847 3435 irs
870 3371 919 3435 bei
944 3395 1075 3438 ewerem
1099 3375 1210 3440 Consi-

57 3476 155 3540 storio
178 3475 342 3550 erhalten,
373 3475 427 3537 das
449 3474 495 3538 sie
517 3473 669 3539 sichmit
691 3477 794 3540 einem
819 3477 1005 3558 Bisthumb,
1040 3481 1100 3544 mit
1123 3481 1210 3546 einer
1318 3501 1325 3510 ·

57 3580 124 3646 Abt
147 3580 222 3644 oder
244 3578 431 3649 Probsteien
454 3574 600 3664 bendgen
630 3582 758 3645 lassen?
803 3581 863 3646 Die
885 3581 1123 3650 Cardiniilische
1145 3585 1211 3651 Ebt

57 3686 210 3750 residiren
234 3685 280 3748 sie
303 3684 369 3769 bei
387 3685 455 3749 iren
488 3685 670 3750 miinchen?
716 3685 792 3750 Was
824 3687 925 3751 hilffts
956 3690 1011 3753 das
1045 3693 1074 3754 ir
1096 3690 1210 3755 Refor-

57 3783 194 3867 mirend,
214 3790 278 3853 und
302 3789 444 3864 dennoch
468 3789 572 3874 gleich
595 3791 677 3857 l'rom
700 3789 864 3854 bleibent?
888 3793 947 3856 wie
963 3794 1026 3857 solt
1044 3817 1134 3859 mans
1150 3796 1211 3860 mit

56 3895 135 3960 euch
158 3894 307 3970 anfahen,
329 3894 421 3958 dweil
443 3894 471 3957 ir
494 3916 575 3958 ewen
597 3894 679 3958 selbs
702 3894 767 3957 und
791 3895 845 3959 der
868 3902 1004 3981 gantzen
1028 3900 1103 3965 welt
1119 3905 1209 3985 spot·

55 4003 152 4065 tent?
205 3999 311 4064 Wenn
344 4022 376 4064 es
409 4001 483 4065 umb
516 4000 595 4065 euch
626 4000 692 4064 und
724 4023 826 4065 ewern
860 4002 954 4065 stand
983 4005 1057 4067 wirt
1090 4005 1210 4090 gethon

56 4107 134 4183 sein,
157 4106 218 4170 wie
241 4127 273 4168 es
296 4106 371 4170 umb
395 4103 494 4169 ewere
515 4105 672 4183 vorlaren,
697 4105 747 4170 die
762 4106 932 4171 Bischbfen
949 4131 1004 4173 zur
1021 4109 1082 4174 zeit
1097 4092 1214 4174 Keiser

56 4209 269 4286 Constantini,
294 4210 412 4294 gethon
435 4233 520 4288 war,
555 4210 671 4276 welche
704 4213 753 4275 uff
781 4211 914 4297 gemelts
936 4211 1063 4278 Keisers
1086 4215 1210 4294 kosten,

55 4315 119 4379 und
143 4316 198 4380 des
223 4313 335 4409 Reichs
360 4315 491 4399 pierdcn
514 4318 580 4380 und
604 4317 776 4381 mauleseln
800 4318 902 4401 gehen
921 4317 1020 4382 Nicea
1045 4317 1115 4406 [60]
1139 4342 1210 4383 zum

56 4419 199 4487 Concilio
222 4420 347 4500 kamen,
371 4421 417 4485 als
442 4421 492 4485 die
516 4422 566 4485 nit
588 4444 623 4486 so
646 4423 719 4486 l'eist
734 4445 840 4488 waren
856 4422 916 4487 wie
933 4423 960 4487 ir
977 4424 1104 4488 ietzund
1127 4424 1208 4509 sind,
