2850 5018
683 338 744 398 221

130 533 198 575 esse
224 512 315 573 taeter
337 513 433 593 atque
456 508 626 574 luctuosus.
667 509 796 593 Ingenti
820 531 901 593 saepe
924 510 1103 575 calamitate
1119 511 1203 576 Deus
1227 535 1286 595 pu·

132 616 217 680 111111
240 636 349 699 regeS,
382 614 437 698 qui
469 617 517 679 vel
548 637 605 698 per
627 615 829 697 tyrannidem
852 615 901 679 vel
924 615 1093 680 seditiones
1117 617 1166 680 vel
1189 618 1288 680 caedes

132 721 185 785 vel
207 741 264 803 per
287 720 474 804 largitiones
498 719 592 802 idque
614 740 714 803 genus
737 719 815 783 alias
839 723 922 784 artes
945 720 978 782 in
999 720 1215 804 principatum
1238 722 1289 784 in-

133 829 294 890 vaserunt.
329 824 455 900 Quanto
478 824 584 886 minus
607 823 707 907 igitur
730 822 1010 901 hancfoeditatem
1034 827 1066 888 et
1090 825 1288 907 depravatio-

133 953 207 995 nem
232 931 312 994 feret
336 930 368 992 in
385 929 660 994 administratione
676 928 895 1005 ecclesiastica,
920 929 975 993 ubi
998 933 1113 1012 praeter
1136 930 1288 993 virtutem

135 1057 172 1100 ac
197 1033 407 1098 eruditionem
440 1032 522 1097 nihil
556 1036 612 1097 aut
643 1033 778 1116 spectari
811 1033 904 1096 debet
933 1037 988 1097 aut
1011 1033 1140 1097 valere?
1184 1032 1290 1116 Atque

136 1140 267 1205 interim
291 1143 420 1218 tamen,
456 1139 606 1223 quicquid
630 1138 803 1202 decernunt
826 1141 857 1202 et
890 1139 1060 1216 mandant,
1096 1137 1155 1201 hoc
1186 1141 1290 1200 totum

136 1246 244 1310 divino
279 1245 405 1309 numini
440 1245 540 1309 tribui
571 1249 604 1308 et
633 1243 732 1307 veluti
761 1249 996 1308 sacrosanctum
1028 1244 1138 1309 haberi
1170 1243 1289 1306 volunt.

135 1350 243 1416 Nimis
267 1351 334 1416 haec
356 1354 405 1415 est
428 1350 569 1435 profecto
587 1371 707 1435 magna
719 1350 891 1427 temeritas,
915 1370 1011 1432 quam
1026 1371 1083 1414 nec
1099 1349 1290 1433 impunitam

138 1458 221 1521 sinet
244 1455 340 1520 Deus

140 1559 270 1636 Quoties
293 1583 368 1646 ergo
392 1561 603 1637 decretorum,
629 1582 786 1626 canonum
810 1563 843 1624 et
864 1559 1002 1624 ecclesiae
1024 1559 1290 1635 constitutionum

139 1667 262 1731 faciunt
285 1667 498 1745 mentionem,
529 1666 687 1750 explicare
709 1665 823 1730 debent
846 1665 961 1743 etiam,
994 1664 1031 1727 de
1053 1685 1188 1747 quorum
1210 1668 1290 1727 tem·

141 1793 253 1855 porum
276 1772 449 1837 canonibus
473 1773 663 1855 loquantum
689 1772 764 1855 quia
787 1775 934 1855 pugnant
957 1771 1040 1834 inter
1063 1791 1106 1847 se,
1131 1775 1292 1853 quaesunt

142 1877 178 1941 ab
200 1877 279 1960 ipsis
302 1877 437 1942 condita.
484 1877 526 1942 Et
549 1898 730 1961 quanquam
752 1876 874 1960 priores
896 1875 981 1959 leges
1004 1874 1211 1938 emendantur
1235 1896 1290 1957 per

145 1983 345 2064 posteriores,
369 1983 476 2066 eisque
499 1984 623 2060 cedunt,
646 1982 741 2065 longe
756 1984 864 2046 tamen
880 1985 928 2044 est
943 1979 1006 2044 alia
1021 1980 1114 2057 ratio,
1138 1984 1293 2062 quantum

143 2088 178 2151 ad
197 2088 252 2171 jus
274 2088 472 2173 pontificium
496 2087 645 2170 pertinet.
667 2089 671 2169 Ι
692 2086 776 2150 Nam
798 2086 873 2163 illa,
907 2107 977 2168 quae
1006 2085 1091 2149 facta
1121 2089 1196 2149 sunt
1219 2089 1294 2148 aute

143 2193 228 2256 1111119
251 2196 285 2256 91
307 2213 343 2257 90
366 2193 472 2277 plures
496 2213 611 2269 annos,
646 2192 769 2256 decreta
801 2193 901 2255 multo
935 2194 1012 2254 sunt
1043 2191 1174 2254 meliora
1197 2211 1292 2273 quam

145 2319 194 2378 ea,
219 2319 291 2382 quae
314 2299 456 2363 ducentis
480 2297 572 2361 annis
594 2300 703 2380 postea
725 2300 800 2360 sunt
822 2295 1004 2361 constituta.
1052 2295 1207 2374 Breviter,
1231 2316 1293 2378 quo

711 2418 729 2457 a

144 2510 281 2586 stenlich
304 2508 396 2573 sein?
441 2507 505 2572 Got
526 2507 599 2571 hats
622 2507 667 2571 im
690 2507 867 2572 weltlichen
890 2507 1050 2591 regiment
1072 2507 1133 2571 alle
1156 2505 1217 2570 neit
1240 2527 1295 2590 ge·

144 2615 277 2692 straffet,
301 2636 394 2679 wenn
418 2614 504 2677 einer
526 2613 588 2676 mit
609 2615 744 2697 gewalt,
770 2614 830 2678 mit
852 2613 1102 2697 bldtvcrgiessen
1126 2611 1189 2674 und
1214 2610 1293 2674 auff-

143 2715 229 2799 rhur,
254 2721 330 2784 oder
352 2722 440 2783 sonst
463 2719 562 2784 durch
585 2719 739 2783 unerbare
761 2741 848 2805 wege
870 2720 936 2783 und
952 2719 1055 2783 mittel
1072 2740 1127 2782 zur
1143 2716 1295 2781 Oberkeit

144 2826 258 2890 komen
283 2826 342 2901 ist,
366 2824 440 2888 Wie
461 2825 505 2889 vil
529 2825 668 2909 weniger
690 2825 754 2889 kari
778 2847 811 2888 er
834 2847 866 2888 es
889 2825 974 2888 darm
998 2825 1041 2887 im
1065 2822 1292 2887 kircheustand

144 2930 256 3007 leiden,
281 2930 321 2994 da
341 2930 432 2993 nicha
455 2930 567 2994 anders
590 2930 676 2994 darm
699 2931 748 2994 die
770 2930 835 2994 lere
858 2930 923 2993 und
946 2929 1105 2994 erbarkeit
1128 2929 1174 2993 sol
1194 2947 1292 3011 ange·

145 3037 238 3101 sehen
263 3036 410 3100 werden?
455 3034 528 3099 Und
559 3035 702 3100 dennoch
734 3039 803 3100 111119
830 3057 862 3099 99
893 3035 942 3098 die
971 3033 1061 3097 kirch
1084 3031 1148 3095 und
1172 3031 1226 3094 der
1250 3030 1291 3094 H.

146 3143 227 3225 geist
252 3141 404 3205 bevolhen
428 3141 494 3204 und
509 3140 627 3225 gethan
641 3140 754 3218 haben,
779 3141 856 3205 alles
872 3162 936 3204 uvas
952 3140 996 3203 sie
1012 3158 1190 3202 vornemen.
1230 3135 1295 3200 Das

146 3248 188 3311 ist
207 3247 243 3330 ja
265 3250 303 3310 111
326 3247 387 3324 vil,
421 3247 487 3310 und
518 3269 550 3311 es
573 3248 647 3311 wirt
669 3269 711 3310 on
734 3247 816 3310 allen
840 3245 980 3322 nweifel,
1015 3243 1066 3306 9111
1089 3241 1220 3305 seltzam
1243 3263 1293 3304 91·-

147 3352 342 3417 schrtcklich
367 3353 427 3416 end
450 3353 511 3417 mit
534 3353 608 3417 inen
632 3374 754 3436 nemen.

234 3457 338 3521 Weun
363 3459 407 3521 sie
431 3481 473 3522 nu
497 3480 559 3522 von
582 3459 642 3522 deu
666 3458 820 3523 Decretcn
852 3457 917 3522 und
949 3454 1080 3518 kirchen
1111 3439 1298 3536 orduuugen

147 3564 258 3641 reden,
292 3585 326 3627 so
350 3558 475 3628 1111199911
498 3563 543 3627 919
566 3585 599 3627 99
623 3562 766 3627 dennoch
789 3560 1063 3624 underschiedlich
1086 3580 1199 3644 sager,
1234 3579 1299 3622 was
1391 3629 1392 3632 Ἴ

147 3671 191 3732 919
215 3657 317 3731 demit
337 3667 479 3745 meinen,
504 3666 595 3730 Denn
620 3667 666 3729 sic
687 3667 791 3729 haben
815 3665 1043 3748 widerwertige
1066 3663 1220 3727 Decretcn
1243 3683 1299 3746 ge-

148 3774 264 3838 macht.
311 3770 891 3846 [11111119191119191919199111911,
926 3770 986 3832 deu
1017 3773 1122 3833 ersten
1152 3768 1216 3830 und
1240 3767 1299 3830 den

148 3880 234 3943 alten
268 3878 496 3962 abgewinneu,
529 3877 589 3940 wie
618 3876 667 3940 die
690 3876 832 3940 doristeu
864 3897 979 3959 sagea,
1014 3874 1123 3938 iedoch
1154 3872 1226 3936 hats
1256 3874 1300 3935 im

148 3983 334 4048 Bastlichen
357 3983 484 4047 rechten
508 3982 552 4045 vil
575 3982 626 4045 ein
649 3982 763 4044 andere
785 3980 924 4064 meiung.
961 3977 1053 4042 Denn
1078 3979 1127 4041 die
1151 3977 1214 4042 alte
1237 3976 1300 4040 De·

149 4080 265 4165 9191911,
288 4109 345 4152 vor
368 4091 495 4152 teusent
518 4088 583 4152 und
605 4087 694 4150 mehr
713 4087 815 4168 jaren,
838 4084 910 4148 sind
931 4084 965 4166 ja
986 4082 1091 4167 gleich
1115 4083 1220 4146 besser
1236 4082 1301 4145 und

148 4192 376 4270 Christlicher,
402 4194 486 4256 daun
510 4193 576 4269 die,
608 4213 642 4255 so
665 4192 740 4256 zwei
762 4191 902 4255 hundert
920 4191 972 4272 jar
994 4189 1131 4252 darnach
1154 4189 1303 4272 gemacht

148 4299 230 4377 sind,
255 4299 319 4362 und
343 4298 408 4362 also
431 4298 598 4382 vulganda,
630 4298 659 4359 ie
681 4298 790 4381 leuger
814 4297 842 4359 ie
865 4301 976 4380 ttrger,
1011 4295 1060 4357 bis
1083 4295 1137 4357 das
1161 4293 1300 4356 siecum

148 4404 267 4469 letsten
291 4403 446 4468 Decretcn
470 4402 639 4489 gemacht,
674 4403 770 4467 deren
800 4401 845 4467 sie
875 4401 940 4466 sich
973 4401 1099 4486 heutigs
1122 4403 1194 4484 tags
1217 4398 1251 4463 in
1274 4396 1304 4464 ir
