2850 5018
692 394 751 460 201

132 569 254 636 Nonne
275 568 327 634 vel
348 567 416 634 haec
437 568 504 633 sola
526 567 592 652 ejus
615 566 749 652 epistola
771 570 916 646 testatur,
939 566 1044 653 ipsum
1067 567 1137 633 ideo
1159 562 1288 652 potissi-

132 699 221 742 mum
243 680 278 741 et
306 677 340 740 in
371 671 482 759 primis
512 696 625 758 cupere
655 674 814 759 pacificari
843 673 1051 750 monarchas,
1086 655 1151 751 ut,
1174 673 1288 738 horum

134 783 263 865 adjutus
290 780 458 865 prasidio,
488 779 634 846 funditus
666 781 769 845 delere
798 780 919 864 possit,
954 779 1038 865 quod
1060 779 1121 844 sibi
1144 779 1287 845 omnium

133 872 240 954 rerum
265 888 396 952 minime
417 886 580 952 ferendum
609 909 677 953 esse
710 887 815 963 videt,
850 886 1001 952 doctrinae
1033 886 1158 969 genus?
1203 883 1288 952 Ante

135 993 255 1058 bellum
272 993 319 1057 ait
334 993 368 1055 in
384 992 554 1057 Germania
569 1014 633 1056 non
649 992 790 1056 extitisse
806 992 946 1057 hoereses.
979 988 1081 1054 Immo
1100 1012 1184 1068 vero,
1208 1011 1287 1074 quo-

136 1097 222 1162 niam
246 1099 314 1181 ipse
346 1118 400 1181 per
431 1097 552 1161 omneis
573 1096 707 1180 Europae
735 1097 914 1180 provincias
943 1095 1161 1160 disseminavit
1189 1094 1288 1161 foedas

137 1207 168 1268 et
190 1202 421 1288 ignominiosas
444 1200 593 1278 haereses,
625 1202 740 1266 ideirco
764 1223 827 1266 nou
851 1202 943 1266 bellis
966 1206 1110 1279 tantum,
1140 1201 1194 1265 sed
1216 1199 1289 1265 aliis

137 1329 263 1394 quoque
285 1307 395 1372 multis
424 1306 650 1372 acerbitatibus
680 1308 870 1375 divexarnur.
916 1306 976 1372 Sed
1009 1311 1041 1371 et
1068 1329 1105 1371 ea
1134 1305 1287 1383 doctrina,

137 1437 231 1498 quam
256 1412 400 1477 haeresim
419 1416 519 1490 vocat,
543 1417 649 1476 ortum
671 1411 785 1476 habuit
807 1415 882 1477 ante
906 1411 1022 1476 bellum
1045 1412 1141 1490 istud,
1164 1410 1287 1495 dequo

136 1519 296 1602 loquitur,
328 1520 378 1593 et,
408 1538 502 1599 quam
525 1520 633 1600 sperat
656 1516 795 1581 suturam
818 1537 924 1580 rerum
948 1517 1215 1595 vicissitudinem,
1250 1538 1288 1580 00

137 1646 220 1690 0000
243 1629 293 1689 est
314 1623 448 1688 adducta
471 1622 593 1706 pridem
617 1625 650 1686 et
673 1621 767 1686 rebus
789 1621 937 1686 humanis
966 1622 1075 1702 illata,
1111 1621 1176 1686 Dei
1192 1621 1288 1685 bene·

704 1744 723 1786 a

103 1837 106 1844 ’
138 1837 232 1919 [133]
264 1833 355 1899 Ceste
379 1835 464 1899 seule
485 1833 613 1918 Epistre
646 1834 755 1899 sienne
784 1856 824 1898 ne
852 1834 1090 1919 temoigne-elle
1122 1856 1179 1918 pas
1209 1835 1288 1919 qu'il

138 1941 238 2006 desire
260 1938 393 2004 l'aecord
416 1943 506 2004 entre
528 1941 573 2005 les
596 1939 804 2025 Monerques,
829 1940 892 2004 afin
915 1940 988 2023 qu¹a
1009 1939 1094 2004 leurs
1117 1959 1241 2004 secours
1263 1938 1288 2004 11

137 2047 241 2130 puisse
272 2046 463 2109 exterminer
490 2066 525 2110 ce
556 2067 653 2130 genre
682 2047 719 2111 de
751 2046 892 2111 doctrine
915 2045 968 2129 qui
991 2067 1045 2109 sur
1068 2049 1140 2109 tout
1161 2044 1218 2130 luy
1240 2047 1288 2109 est

138 2151 351 2237 importable?
395 2151 424 2216 Il
447 2152 495 2216 dit
517 2150 667 2235 qu'avant
697 2152 729 2217 10
757 2173 868 2237 guerre
897 2151 920 2215 11
953 2152 1008 2236 n'y
1036 2151 1122 2215 avoit
1151 2169 1287 2214 aucunea

138 2256 273 2322 heresias
295 2279 335 2320 en
351 2256 535 2341 Alemagne.
569 2256 649 2321 mais
671 2279 712 2320 au
734 2256 900 2332 contraire,
925 2275 1041 2338 pouroe
1064 2254 1142 2339 qu'il
1165 2275 1184 2318 0
1202 2253 1288 2318 seme

139 2363 258 2427 d'ordes
282 2368 313 2426 et
336 2362 471 2426 infames
493 2361 629 2427 heresies
652 2384 710 2446 par
732 2365 835 2426 toutes
858 2361 903 2424 100
928 2358 1091 2443 provinces
1118 2358 1284 2441 d’Europe,

140 2470 262 2532 100010
285 2489 376 2532 cause
399 2488 478 2533 nous
502 2489 635 2532 sommes
659 2468 754 2550 [134]
788 2469 978 2542 tormentez,
1011 2457 1143 2529 nonde
1171 2483 1286 2549 guerre

140 2572 320 2649 seulement,
345 2571 414 2636 ains
436 2572 520 2636 aussi
543 2572 581 2636 de
603 2571 760 2656 plusieurs
782 2574 888 2637 autres
912 2569 1040 2634 miseres
1063 2572 1096 2633 et
1110 2567 1284 2634 calamiten.

141 2676 190 2741 Au
210 2677 325 2762 regard
348 2677 385 2741 de
413 2678 446 2741 la
468 2677 631 2755 doctrine,
663 2676 742 2760 qu'il
765 2675 890 2760 appelle
913 2673 1064 2751 Heresis,
1099 2672 1159 2737 elle
1181 2694 1200 2737 a
1222 2671 1288 2737 0016

141 2783 271 2846 avance'e
293 2783 408 2847 devant
431 2785 513 2846 ceste
536 2803 649 2866 guerre
670 2781 749 2846 dont
770 2781 795 2845 il
817 2782 921 2865 parler
955 2785 988 2846 et
1015 2780 1045 2844 le
1076 2778 1288 2863 changement

142 2887 217 2968 qu’il
239 2908 347 2970 espere
370 2887 476 2951 devoir
499 2887 618 2965 evenir,
632 2872 689 2951 001
711 2887 796 2971 desja
819 2886 879 2951 fait
901 2908 959 2970 par
980 2886 1012 2950 la
1028 2905 1121 2971 grace
1136 2883 1174 2948 de
1190 2881 1288 2948 Dieu:

704 3010 723 3046 a

143 3095 210 3178 [62]
243 3093 296 3160 No
329 3096 368 3160 da
397 3096 491 3160 harto
525 3097 670 3161 bastante
704 3097 888 3162 testimonio
921 3095 988 3161 sola
1021 3098 1087 3159 esta
1120 3115 1158 3157 00
1191 3094 1286 3170 carta,

143 3201 264 3282 quando
294 3221 336 3263 no
365 3201 485 3264 uviesse
514 3204 584 3265 otra
614 3222 704 3278 cose,
737 3207 798 3285 que
826 3223 886 3285 por
918 3222 987 3265 esso
1021 3197 1287 3283 principatmente

143 3305 245 3370 dessea
268 3326 328 3387 que
351 3308 438 3368 eston
461 3304 648 3388 pacifioados
670 3306 718 3370 los
732 3305 845 3391 Reyes,
869 3326 1029 3390 pemque
1051 3325 1111 3368 oon
1134 3301 1163 3367 el
1186 3301 1289 3386 eyuda

143 3410 176 3474 de
197 3409 290 3475 todos
311 3409 388 3473 01100
410 3408 513 3492 paeda
534 3410 690 3492 pervertit
711 3432 732 3495 y
755 3410 902 3495 destruyr
924 3410 1077 3476 hastatos
1097 3407 1287 3473 fundamen-

142 3518 187 3579 tos
210 3518 276 3580 este
299 3535 415 3599 genero
438 3514 475 3579 de
497 3514 661 3591 doctrina,
685 3536 806 3599 queen
830 3515 921 3580 todas
945 3536 1089 3579 maneres
1110 3514 1140 3579 le
1163 3511 1288 3596 cample

143 3620 218 3697 001,
243 3640 368 3702 000-οο
392 3641 519 3703 pareaca
542 3640 581 3682 en
603 3620 633 3684 el
655 3619 798 3684 mundo?
844 3618 920 3685 Diae
949 3642 1010 3703 que
1032 3623 1122 3685 antes
1145 3618 1183 3681 de
1204 3619 1287 3680 estas

142 3745 270 3809 guerras
300 3745 341 3788 no
373 3724 443 3789 avie
473 3723 616 3808 heregias
646 3746 686 3788 00
709 3723 892 3789 Alcmania:
937 3725 1039 3788 Antea
1068 3745 1127 3807 por
1155 3743 1229 3786 aver
1260 3718 1289 3784 01

142 3827 305 3892 sembrado
327 3848 385 3911 por
414 3828 502 3892 tedas
531 3828 579 3892 las
605 3829 784 3912 provincias
814 3828 852 3892 de
874 3829 1021 3911 Europa,
1056 3825 1289 3908 detestablesy

141 3931 366 4018 ignominiosas
397 3934 557 4018 heregias,
590 3956 693 4000 aomos
724 3956 765 4022 en·
792 3935 929 3999 diversas
952 3955 1097 3999 maneres
1119 3930 1289 4016 fatigados,

141 4059 181 4102 no
204 4039 377 4103 solamente
399 4059 457 4104 oon
482 4059 631 4122 guerras,
665 4060 740 4123 pero
772 4062 834 4103 aun
865 4061 924 4104 oon
955 4042 1040 4104 otras
1064 4037 1192 4102 muohas
1215 4026 1289 4100 hor-v

141 4142 252 4207 rendas
266 4143 475 4208 calamidedes
490 4165 512 4227 y
526 4143 675 4227 trabejos.
708 4143 787 4208 Pero
802 4166 864 4208 aun
880 4144 1022 4208 tambien
1044 4146 1112 4207 esta
1135 4140 1289 4219 doctrine,

140 4247 211 4311 ala
233 4248 307 4330 qual
331 4246 360 4311 el
382 4246 479 4312 llama
510 4248 659 4334 heregia,
693 4270 841 4335 comenpo
870 4253 960 4314 antes
980 4249 1078 4313 desta
1108 4268 1222 4333 guerra
1252 4245 1290 4311 de

141 4373 200 4434 quc
223 4352 252 4415 01
276 4350 387 4416 habla:
411 4375 431 4436 y
454 4352 486 4416 10
507 4353 663 4440 mudanca
686 4376 746 4437 que
769 4377 879 4439 espera
895 4375 955 4438 que
970 4375 1046 4418 avra
1060 4374 1100 4417 en
1116 4353 1146 4418 el
1160 4353 1288 4431 mundo,

139 4479 180 4541 ya
201 4457 244 4522 ha
266 4456 333 4522 dias
356 4479 471 4541 quaes
493 4459 624 4538 venida,
656 4483 678 4546 y
701 4460 816 4547 trayda
836 4483 855 4525 0
877 4460 924 4526 100
946 4458 1094 4525 hombres
1115 4479 1174 4544 por
1196 4465 1288 4524 seua·
