2850 5018
245 1353 359 1411 Sleidan
380 1372 417 1410 an
435 1354 493 1410 Jae.
512 1354 608 1409 Sturm
627 1357 660 1412 13
678 1354 761 1427 April
781 1355 848 1411 1545
867 1354 972 1424 (Β55ιιι-
990 1355 1048 1408 und
1062 1355 1211 1411 Verdisehe
1233 1358 1330 1413 biblio-

176 1440 261 1506 thek,
291 1443 302 1494 l
324 1441 375 1496 bds
394 1442 410 1494 2
429 1441 522 1505 stiiok,
549 1440 698 1511 Hamburg
718 1441 799 1506 1753,
824 1459 846 1495 s.
866 1441 941 1510 108):
977 1439 1060 1497 Certo
1085 1442 1211 1497 delatum
1229 1446 1273 1496 est
1292 1444 1330 1498 ad

174 1545 236 1594 me,
268 1528 406 1585 Caesarem
427 1528 600 1583 intellexisse
625 1528 660 1583 de
683 1527 858 1585 orationihus
874 1527 943 1583 meis
961 1527 1076 1594 latinis,
1104 1531 1133 1584 et
1150 1529 1331 1585 vehementer

173 1617 258 1673 fuisse
276 1620 453 1674 commotum.
490 1617 624 1674 Malevoli
642 1619 745 1674 vooant
763 1617 893 1672 libellum
911 1617 1063 1680 famosum,
1090 1615 1137 1671 sed
1160 1615 1192 1670 in
1209 1634 1241 1673 eo
1259 1618 1331 1672 mihi

172 1704 283 1760 iaciunt
299 1704 442 1774 injuriam,
461 1707 490 1760 55
508 1704 563 1761 5515
580 1704 630 1759 ubi
648 1705 740 1760 lateat
757 1705 912 1761 famositas.
942 1705 1047 1760 Verum
1064 1704 1213 1758 Miltitzius
1225 1705 1329 1760 Witte·

173 1791 262 1862 berga
276 1791 386 1864 scripsit
399 1791 435 1846 ad
448 1790 606 1859 cratonem,
625 1792 762 1863 seriptum
772 1792 846 1851 illud
857 1809 951 1847 meum
963 1809 1067 1861 magno
1086 1792 1225 1861 applausu
1243 1792 1329 1847 fuisse

176 1878 253 1948 apud
271 1877 345 1948 ipsos
366 1881 519 1948 exceptum,
539 1878 608 1935 adeo
626 1879 739 1950 quidem
757 1881 790 1934 ut
808 1879 954 1942 liutherus,
973 1878 1022 1948 qui
1039 1877 1070 1932 id
1087 1878 1162 1932 idem
1180 1896 1329 1949 argomen-

173 1968 236 2020 tum
253 1967 312 2022 iere
329 1967 483 2031 tractavit,
505 1966 646 2032 fateatur,
671 1985 700 2022 se
717 1966 787 2023 meis
806 1966 980 2023 orationibus
999 1965 1130 2035 adjutum
1147 1983 1213 2020 esse.
1250 1966 1329 2031 Quod

173 2051 286 2122 quidem
304 2053 381 2108 illius
399 2053 455 2107 viri
468 2054 606 2123 judicium
625 2073 677 2126 ego
694 2057 751 2112 toti
769 2055 884 2112 Caesaris
903 2055 976 2110 aula
995 2056 1149 2124 antepono,
1177 2055 1205 2109 et
1229 2054 1260 2108 in
1279 2056 1330 2109 tua

172 2140 269 2210 tuique
287 2140 423 2197 similium
440 2141 565 2197 virorum
583 2142 708 2198 amicitia
726 2145 756 2198 et
774 2143 931 2214 patrocinio
949 2142 1071 2197 libenter
1090 2141 1273 2210 acquiescam.

244 2229 291 2295 An
308 2228 443 2284 Oardinal
468 2229 506 2283 du
524 2229 624 2300 Bellay
645 2231 678 2284 14
696 2230 755 2286 Mai
778 2233 846 2287 1545
869 2229 1078 2301 (Forsohungen
1101 2247 1151 2281 aur
1173 2228 1326 2284 deutschen

173 2315 338 2386 geschichte,
358 2316 395 2371 bd
415 2319 456 2373 10.
477 2319 553 2374 1810.
572 2334 593 2371 5.
614 2320 691 2388 lm:
720 2318 908 2389 Opusoulum,
927 2316 1001 2386 quod
1019 2317 1119 2385 hyeme
1137 2316 1274 2386 superiori
1291 2316 1329 2370 ad

171 2404 202 2458 te
219 2400 291 2466 misi,
309 2420 446 2473 magnum
464 2402 560 2459 odium
577 2403 648 2458 mihi
661 2404 822 2461 eonciliavit
833 2403 909 2474 apud
921 2402 1064 2467 Caesarem,
1083 2403 1131 2457 sed
1149 2406 1252 2472 praeter
1270 2403 1328 2473 opi·

172 2489 284 2545 nionem
303 2489 374 2543 nihil
394 2489 504 2556 accidit,
523 2493 552 2546 et
569 2492 661 2547 multo
679 2491 768 2562 pluris
786 2491 858 2548 facio
875 2490 963 2561 ipsius
981 2490 1098 2545 lutheri
1112 2490 1257 2560 judicium,
1277 2489 1326 2559 qui

172 2576 256 2646 longe
273 2593 350 2632 secus
367 2577 402 2632 de
420 2595 451 2633 eo
469 2579 673 2648 pronuntiavit,
691 2582 725 2635 ut
742 2580 798 2635 huo
813 2579 999 2650 perscriptum
1018 2579 1068 2633 est.
1125 2608 1127 2614 ι
