2850 5018
580 271 584 278 ’
691 313 712 377 4

193 485 379 555 Germanice
401 511 474 554 vero
497 487 610 574 scripsi
632 503 698 552 non
721 487 784 552 alia
806 485 844 551 de
866 508 961 552 causa
983 509 1078 570 quam
1100 493 1137 554 ut
1161 488 1194 570 ii,
1218 490 1259 555 ad

105 616 184 680 quos
207 595 335 681 proprie
357 595 536 680 pertinent,
569 592 681 657 melius
714 591 948 677 intelligerent,
979 614 1048 675 quae
1078 615 1171 659 eausa
1193 595 1259 660 fuit

104 701 216 779 etiam,
252 704 289 765 ut
320 701 453 765 alteram
486 699 526 764 ad
554 696 723 778 Caesarem,
759 696 881 762 Gallica
912 696 1023 782 lingua
1054 699 1258 782 perfecerim:

104 805 248 888 equidem
270 804 330 871 hoc
352 805 455 870 solum
478 803 626 888 spectavi,
651 812 687 869 ut
703 803 817 882 Oaesar,
839 824 932 886 quem
954 809 1133 869 reverenter
1156 828 1257 892 agno·

102 932 188 976 scere
220 910 368 975 debemus
400 914 431 975 et
463 909 564 975 colere
596 909 695 973 veluti
717 910 922 993 praecipuum
945 913 977 973 et
996 931 1154 974 summum
1178 910 1257 976 Ger-

66 1055 69 1063 ·
104 1017 218 1080 mania
240 1015 483 1100 magistratum,
508 1015 654 1100 expediat
676 1036 708 1080 se
732 1015 771 1079 ab
795 1015 834 1078 iis
856 1015 1008 1094 vinculis,
1040 1037 1110 1099 quae
1132 1039 1258 1083 cursum

102 1118 201 1204 ipsius
222 1124 433 1199 remorantur,
457 1141 520 1204 quo
542 1119 667 1199 minus,
698 1120 781 1203 quod
805 1141 854 1184 res
877 1121 949 1203 ipsa·
969 1121 1110 1204 postulat
1132 1125 1256 1207 tempo·

102 1247 235 1310 rumque
258 1226 358 1305 ratio,
390 1227 542 1311 perficiat.
590 1226 652 1303 oui
681 1247 769 1290 secus
801 1225 1071 1308 interpretantur,
1106 1227 1256 1310 injuriam

102 1330 183 1394 mihi
204 1330 337 1409 faciunt,
358 1331 363 1413 1
384 1332 468 1416 quod
490 1352 547 1416 per
568 1332 636 1396 haee
659 1330 789 1396 comitia
812 1330 940 1414 quidam
963 1329 1074 1395 fecisse
1097 1331 1255 1411 dicuntur,

102 1436 155 1502 sed
177 1437 328 1522 perpauci
348 1437 474 1521 quidem
490 1436 549 1515 illi,
573 1438 708 1520 quorum
720 1435 847 1520 judiciis
863 1433 948 1499 nihil
963 1456 1100 1501 moveor.
1135 1436 1256 1502 Verum

103 1545 234 1626 propter
257 1542 353 1622 alios,
377 1543 519 1625 ipsorum
541 1541 635 1625 plene
658 1541 846 1621 dissimiles,
881 1539 996 1625 quibus
1026 1541 1159 1606 fortasse
1189 1565 1256 1607 non

102 1645 336 1728 improbabitur
358 1644 411 1709 hic
433 1666 521 1709 meus
544 1643 652 1724 labor,
676 1648 834 1729 utrunque
856 1644 1031 1709 orationem
1055 1645 1169 1710 Latine
1189 1647 1257 1729 jam

105 1750 232 1835 scripsi.¹
273 1750 415 1827 Quarum
438 1749 512 1828 illa,
536 1771 606 1834 quae
629 1753 678 1814 est
699 1750 739 1815 ad
761 1749 888 1835 imperii
909 1751 1085 1836 principes,
1120 1774 1256 1817 comme·

103 1859 208 1920 morat
229 1859 354 1935 ortum,
389 1856 620 1920 incrementum
644 1859 677 1920 et
700 1877 843 1920 oooesum
872 1856 1085 1939 pontificatus.
1132 1855 1255 1936 Altera,

102 1983 173 2046 quse
195 1959 311 2027 Oaesari
333 1966 381 2026 est
404 1961 510 2039 dicta,
543 1964 752 2045 posteaquam
782 1960 944 2039 ostendit,
979 1960 1062 2026 hanc
1090 1961 1257 2048 religionis

102 2087 240 2145 causam,
264 2088 333 2151 quae
357 2065 615 2144 controvertitur,
639 2065 737 2130 aDeo
753 2064 929 2150 profectam
945 2070 977 2131 et
993 2068 1162 2132 excitatam
1179 2090 1255 2148 esse,

104 2171 311 2250 demonstrat,
332 2171 555 2257 jusjurandum
585 2171 685 2253 illud,
720 2193 783 2256 quo
812 2169 957 2256 pontifici
979 2171 1081 2237 Caesar
1103 2178 1151 2238 est
1173 2174 1255 2238 obli·

673 2275 691 2316 :r

101 2361 209 2433 [Deux
237 2361 403 2419 oraisons
429 2361 646 2419 historiales
670 2361 711 2417 de
737 2362 826 2416 Jean
850 2360 1009 2416 Sleidan.
1047 2361 1134 2418 Ohea
1162 2363 1179 2417 J
1188 2381 1255 2420 ean

529 2449 688 2521 Orespin.
735 2449 760 2505 S.
780 2449 820 2520 32]

171 2555 242 2610 Jean
260 2554 374 2611 Sleidan
393 2555 471 2611 avoit
489 2554 572 2609 escrit
589 2554 662 2609 deux
674 2552 805 2609 Oraisons
825 2570 860 2608 en
873 2553 1020 2619 Alemand,
1040 2555 1097 2609 afin
1114 2573 1168 2624 que
1186 2573 1254 2611 ceux

100 2642 230 2712 ausquels
249 2644 428 2714 proprement
446 2642 549 2698 l'eserit
568 2640 727 2697 s'adressoit
745 2640 957 2696 l'entendissent
974 2643 1073 2706 mieux‚
1093 2659 1123 2697 oe
1140 2643 1190 2711 qui
1203 2661 1254 2713 pa-

99 2729 258 2785 reillement
270 2729 384 2784 l'induit
396 2730 431 2785 de
442 2732 546 2786 mettre
561 2747 597 2785 en
607 2728 738 2802 Franqois
750 2727 887 2784 l‘Oraison
901 2729 1027 2785 adressee
1039 2734 1057 2785 a
1070 2729 1251 2800 l'Empereur.

171 2818 229 2888 [An
246 2818 334 2874 Jacob
352 2817 460 2884 Sturm,
480 2819 513 2872 29
532 2817 591 2874 Mai
610 2819 679 2873 1545
698 2817 808 2887 (Brem·
832 2817 891 2872 und
910 2817 1060 2872 Vendische
1087 2817 1251 2881 bibliothek,

102 2895 248 2961 l'Bandes
268 2907 284 2960 2
303 2905 402 2972 Sttiek,
431 2907 681 2977 Hamburg1753‚
708 2922 729 2959 s.
758 2905 833 2976 120):
872 2905 906 2959 In
932 2903 1098 2975 praefatione
1125 2922 1252 2960 mearum

100 2993 260 3050 orationum
285 2995 419 3060 habetur,
447 3012 492 3050 me
518 2994 622 3066 gallice
648 3010 759 3063 quoque
785 2992 925 3064 scripsisse
947 2992 1030 3047 illam
1057 3012 1119 3062 quae
1147 2996 1190 3049 est
1217 2993 1254 3047 ad

101 3081 253 3159 (laeserem,
293 3083 352 3139 Hoc
378 3101 475 3139 verum
503 3084 572 3139 est..
599 3082 628 3137 Si
655 3098 729 3137 nunc
755 3081 831 3136 idem
859 3084 1059 3151 argumentum
1086 3083 1137 3137 aut
1164 3081 1255 3135 simile

100 3169 250 3234 tractatur,
270 3168 374 3226 orietur
392 3170 466 3227 forte
485 3169 610 3240 suspicio,
629 3187 662 3225 ex
688 3187 744 3239 qua
769 3168 906 3239 prodierit
926 3169 1044 3225 officina.
1082 3168 1134 3224 Sed
1156 3172 1254 3224 tamen

101 3258 248 3314 consilium
274 3261 355 3313 tuum
379 3260 408 3314 et
427 3258 525 3314 Buceri
543 3275 656 3327 sequar:
689 3261 717 3313 et
736 3257 855 3312 Buecrus
882 3258 995 3328 quidem
1024 3257 1106 3311 valde
1133 3258 1187 3310 huc
1211 3256 1254 3309 in·

103 3345 192 3400 clinat
210 3348 243 3400 ut
261 3345 401 3416 scribam]
774 3346 776 3351 ’
1116 3348 1120 3356 ’

99 3432 203 3503 Depuis
220 3432 241 3486 il
261 3433 300 3488 les
319 3450 339 3487 a
355 3432 430 3487 aussi
448 3433 588 3488 traduites
607 3449 642 3488 en
660 3432 759 3487 Latin:
786 3433 856 3488 dont
882 3432 951 3487 celle
972 3432 1019 3501 qui
1044 3430 1177 3486 s'adresse
1196 3449 1251 3484 aux

99 3520 210 3575 Princes
229 3521 263 3575 de
281 3520 415 3592 l'Empire
433 3521 557 3578 contient
576 3522 605 3577 la
623 3520 775 3586 nuissance,
797 3521 1015 3583 aeoroiseement
1036 3521 1064 3573 et
1083 3518 1251 3572 definement

99 3609 134 3663 de
152 3609 182 3663 le
193 3608 328 3678 Papaute.
357 3608 478 3674 Uentre,
497 3610 546 3680 qui
559 3612 601 3665 est
613 3609 709 3665 dedite
724 3609 934 3679 al'Empereun
953 3608 1077 3663 contient
1096 3623 1130 3660 en
1148 3622 1253 3661 somme

99 3695 139 3749 les
157 3693 265 3764 poinets
282 3695 331 3763 qui
349 3699 515 3751 conseruent
532 3697 572 3751 les
591 3696 692 3767 paches
710 3697 739 3750 et
751 3695 822 3755 faits¹
832 3696 880 3750 des
892 3695 959 3752 Rois
971 3698 1000 3750 et
1011 3695 1108 3765 Papes,
1128 3694 1252 3764 signam-

99 3783 178 3836 ment
195 3780 230 3836 de
247 3783 341 3837 nostre
358 3785 464 3854 temps,
491 3800 597 3839 comme
615 3801 651 3839 on
669 3800 773 3853 pourra
792 3783 853 3840 voir
870 3801 923 3854 par
943 3784 970 3839 le
987 3783 1111 3839 discours
1130 3781 1252 3837 desdites

100 3869 241 3926 Oraisons.

170 3958 256 4028 [Pege
275 3958 334 4029 86:]
354 3959 397 4013 En
415 3949 488 4016 ceste
507 3959 632 4027 Orainon,
651 3962 700 4032 qui
717 3964 760 4018 est
779 3963 941 4018 adresseeb
962 3959 1077 4014 Obarles
1096 3957 1253 4027 cinquieme

97 4045 262 4117 Empereur,
290 4064 371 4117 apres
400 4048 491 4122 avoir,
505 4052 630 4106 monetre
656 4067 711 4121 que
736 4051 765 4105 la
791 4066 873 4104 cause
892 4049 926 4103 de
944 4048 974 4102 la
993 4045 1123 4116 Religion
1141 4046 1190 4115 qui
1209 4049 1252 4101 est

98 4132 276 4204 aujourdhuy
288 4150 323 4189 en
336 4134 430 4201 debat,
449 4139 492 4191 est
504 4153 593 4192 venue
605 4140 633 4193 et
647 4138 763 4193 suscitee
773 4137 808 4192 de
817 4136 894 4201 Dieu,
908 4152 1013 4206 prouve
1026 4151 1079 4204 que
1091 4134 1118 4188 le
1130 4135 1252 4188 serment

96 4239 150 4293 par
167 4220 260 4291 lequel
278 4220 450 4292 l'Empereur
474 4227 516 4279 est
536 4225 631 4296 oblige
648 4244 686 4281 au
704 4224 793 4296 Pepe,
819 4226 861 4279 est
885 4223 1056 4294 tyrannique
1075 4225 1104 4278 et
1123 4222 1157 4276 de
1175 4221 1253 4274 nulle

97 4308 216 4381 vigneur
234 4311 262 4365 et
282 4309 391 4366 ameine
409 4312 546 4382 plusieurs
565 4315 703 4386 exemplos
720 4314 787 4368 tant
804 4312 839 4368 de
857 4329 887 4368 ce
903 4311 951 4382 qui
970 4328 1007 4366 au
1020 4315 1100 4381 passe
1112 4308 1177 4364 s'est
1189 4307 1251 4373 fait,

96 4397 220 4471 qn’aussi
237 4397 272 4453 de
290 4398 423 4456 memoire
441 4400 580 4458 d‘homme
598 4421 634 4460 on
653 4419 671 4460 a
689 4402 737 4458 dee
755 4400 885 4458 histoires
902 4401 941 4457 du
958 4403 1049 4471 temps
1066 4399 1188 4470 present.

5 4522 97 4696 ἢ
