2850 5018
775 314 837 376 128
917 389 922 396 q

227 484 289 549 nisi
312 484 495 550 divitiarum
523 488 556 548 et
587 485 646 548 otii
677 487 886 570 consequendi
917 509 1030 568 causa,
1064 490 1148 573 quod
1181 491 1290 575 ipsum
1319 514 1377 558 non

228 591 386 676 negabitis
416 590 538 675 opinor.
592 589 634 654 Et
666 589 777 668 hodie,
811 591 937 675 quando
968 592 1117 679 beneficio
1146 593 1206 659 Dei
1239 596 1380 662 doctrina

227 695 345 774 illuxit,
369 694 482 759 vestris
506 695 685 759 adversaria
707 696 994 776 commoditatibus,
1022 698 1193 764 etidcirco
1219 701 1312 766 vobis
1333 703 1379 767 in·

227 802 304 879 visa,
327 800 512 866 convertitis
536 800 592 866 ills
615 799 684 883 ipsa
706 799 799 877 bona,
824 822 893 883 quae
916 801 1045 865 nomine
1067 807 1099 866 et
1121 804 1219 868 titulo
1244 805 1378 872 ecclesia

227 905 409 990 possidetis,
443 905 483 970 ad
505 905 697 969 eversionem
720 906 812 987 hujus
835 907 1007 983 doctrinae,
1041 930 1110 991 quae
1142 909 1226 974 nihil
1255 911 1378 995 quidem

228 1010 317 1075 vobis
339 1009 444 1093 eripit,
468 1009 520 1072 sed
544 1006 588 1091 [Κ
600 1009 661 1092 iiij]
684 1031 739 1073 vos
762 1009 859 1074 officii
882 1010 984 1074 solum
1011 1012 1108 1076 vestri
1137 1016 1376 1081 commonefacit

228 1116 321 1180 etad
343 1114 506 1178 meliorem
528 1114 653 1199 frugem
677 1114 803 1178 invitat.
849 1114 991 1180 Auobis
1022 1116 1142 1182 factum
1171 1125 1221 1184 est
1251 1121 1377 1186 initium

227 1222 402 1286 turbarum.
453 1221 515 1297 Qui
545 1220 727 1303 reipublioae
758 1220 837 1283 bene
869 1222 1097 1287 constituendae
1127 1223 1282 1290 formulas
1315 1233 1377 1292 tra·

228 1327 384 1405 diderunt,
408 1326 581 1391 cavendum
604 1347 670 1390 esse
686 1325 805 1404 dicunt,
830 1348 869 1390 ne
884 1326 1007 1392 functio
1022 1329 1231 1414 magistratus
1247 1331 1291 1395 sit
1303 1331 1375 1409 illis,

229 1433 284 1517 qui
306 1432 548 1509 administrant,
583 1436 779 1515 quaestuosa,
814 1437 846 1496 et
877 1433 1046 1497 vivendum
1073 1434 1151 1518 ipsis
1173 1458 1242 1500 esse
1265 1441 1379 1521 putant

229 1540 277 1604 vel
300 1561 339 1603 ex
361 1560 395 1602 re
416 1537 567 1603 familiari
590 1538 640 1602 vel
663 1560 699 1601 ex
723 1538 834 1602 aerario
856 1539 1000 1623 publico,
1024 1562 1080 1617 ne,
1107 1542 1134 1605 si
1158 1542 1280 1626 privati
1302 1544 1377 1608 cives

210 1645 356 1710 ¹videant
379 1643 451 1706 illos
474 1665 512 1706 ex
534 1643 715 1726 reipublicae
737 1644 828 1708 bonis
852 1645 1013 1724 ditescere,
1034 1668 1068 1710 se
1090 1669 1164 1710 vero
1186 1670 1254 1713 non
1277 1649 1377 1713 solum

229 1750 270 1814 ab
291 1748 473 1828 honoribus,
497 1748 703 1812 verumetiam
726 1773 744 1812 a
766 1771 822 1833 spe
844 1751 999 1814 commodi
1022 1753 1173 1817 removeri
1197 1775 1325 1838 semper
1350 1759 1380 1817 et

229 1855 362 1936 excludi,
385 1858 649 1919 commoveantur.
691 1853 733 1917 Et
756 1854 815 1919 hoc
837 1856 963 1939 quidem
987 1856 1035 1920 illi
1057 1859 1228 1923 consulant
1251 1859 1293 1923 iis
1314 1881 1377 1923 ma·

230 1961 428 2049 gistratibus,
446 1960 501 2043 qui
516 1981 587 2023 suas
607 1960 817 2044 cogitationes
832 1962 953 2025 omneis
968 1966 1062 2045 atque
1077 1963 1184 2027 studia
1198 1963 1379 2051 civitatibus

229 2068 427 2153 impendunt.
462 2066 535 2130 Jem
558 2066 597 2130 ad
620 2088 674 2131 vos
691 2067 751 2151 ipsi
766 2068 922 2151 respicite.
960 2066 1111 2133 crevistis
1133 2067 1168 2131 in
1192 2068 1378 2134 immensum

229 2178 261 2238 et
282 2173 395 2258 opibus
417 2177 450 2236 et
471 2193 611 2236 numero.
659 2172 750 2249 Quod
772 2173 936 2257 proprium
959 2178 1007 2238 est
1028 2174 1126 2239 vestri
1148 2173 1303 2252 muneris,
1326 2195 1377 2238 ne·

229 2280 354 2367 gligitis
376 2284 473 2363 atque
493 2278 706 2343 contemnitis.
738 2278 789 2343 Ad
804 2279 888 2343 istud
904 2281 977 2344 vitae
1000 2301 1110 2364 genus,
1134 2280 1219 2363 quod
1243 2285 1377 2363 quastus

228 2390 354 2450 tantum
376 2383 481 2468 gratia
502 2384 673 2468 suscipitis,
698 2385 779 2448 nulli
802 2389 890 2469 patet
914 2387 1028 2463 aditus,
1053 2385 1114 2449 nisi
1137 2386 1194 2469 qui
1216 2386 1263 2450 sit
1285 2385 1374 2451 mori·

229 2491 287 2554 bus
317 2493 349 2552 et
382 2488 531 2552 instituto
564 2489 662 2552 vestri
693 2489 815 2552 similis.
869 2488 912 2553 Et
946 2512 1015 2554 cum
1048 2490 1202 2554 maximas
1237 2491 1375 2555 habeatis

228 2616 358 2660 onerum
381 2591 522 2657 civilium
544 2592 722 2656 vacationes
745 2614 781 2656 ac
804 2592 1031 2672 immunitates
1056 2594 1177 2659 nullam
1200 2600 1311 2660 tamen
1325 2595 1373 2659 ad·

228 2700 319 2764 fertis
341 2696 522 2782 reipublicae
545 2696 809 2761 commoditatem.
855 2696 931 2762 Haec
962 2698 1161 2781 inaequalitas
1188 2721 1255 2764 non
1277 2702 1374 2784 potest

229 2827 293 2871 non
317 2825 427 2889 parere
450 2801 648 2866 offensiones.

318 2908 518 2993 Objiciuntur
550 2908 639 2972 vobis
672 2929 789 2993 magna
819 2908 971 2984 crimina;
1007 2929 1061 2971 vos
1095 2908 1177 2973 nihil
1209 2910 1251 2974 ad
1273 2933 1310 2975 ea
1330 2932 1373 2974 re·

229 3017 401 3102 spondetis,
424 3037 488 3078 non
511 3014 626 3079 tollitis
648 3014 832 3078 manifestos
852 3014 978 3092 abusus,
1003 3036 1065 3077 non
1081 3015 1246 3100 corrigitis
1261 3035 1373 3080 errores

230 3121 443 3209 gravissimos,
467 3121 501 3183 in
524 3120 706 3204 pontificem
728 3121 836 3184 omnia
858 3120 1006 3204 rejicitis,
1038 3122 1197 3186 neminem
1219 3145 1288 3187 esse
1309 3141 1373 3205 spo·

229 3227 370 3291 liandum
401 3226 561 3305 clamatis,
597 3230 629 3288 et
659 3248 756 3309 supra
787 3225 902 3310 viginti
933 3247 1018 3289 nunc
1049 3247 1149 3289 annos
1173 3226 1257 3292 hanc
1281 3228 1373 3311 ipsam

229 3332 421 3398 cantilenam
444 3329 576 3406 canitis,
600 3329 722 3392 nullam
744 3329 873 3392 interim
903 3329 994 3392 bonae
1024 3329 1140 3392 mentis
1171 3331 1373 3416 significatio·

229 3460 301 3502 nem
329 3435 504 3510 exhibetis,
537 3433 629 3496 fidem
653 3438 684 3496 et
708 3434 922 3517 patrocinium
946 3431 1077 3497 Caesaris
1100 3435 1312 3524 imploraltis,
1344 3456 1375 3499 ao

229 3542 478 3609 emendationem
501 3562 609 3604 earum
633 3563 754 3617 rerum,
787 3561 857 3622 quae
880 3540 948 3603 sine
971 3540 1170 3622 turpitudine
1199 3563 1237 3606 ac
1258 3541 1374 3627 flagitio

229 3648 358 3712 tolerari
374 3670 437 3711 non
461 3649 603 3730 possunt,
627 3645 732 3709 dicitis
750 3647 909 3729 pertinere
924 3647 963 3709 ad
980 3645 1105 3728 imperii
1122 3646 1266 3725 dedecus,
1291 3643 1374 3729 quasi

229 3754 332 3819 Caesar
354 3754 412 3818 has
435 3757 554 3817 vestras
578 3751 664 3816 labes
686 3773 887 3836 propugnare
917 3751 1037 3815 debeat.
1083 3750 1121 3813 In
1154 3751 1317 3834 pontificis
1349 3753 1375 3813 et

229 3859 477 3923 Romaneusium
499 3857 690 3950 disciplina,
715 3857 855 3921 moribus
877 3853 916 3920 ‘et
940 3860 1009 3920 tota
1033 3857 1097 3920 vita
1119 3857 1246 3920 nullum
1269 3854 1376 3921 videtis

229 3965 392 4029 laudatum
415 3966 614 4047 exemplum,
650 3985 750 4045 neque
774 3963 918 4040 nescitiS‚
943 3962 1058 4044 quibus
1081 3961 1207 4025 artibus
1231 3962 1281 4025 illi
1304 3961 1375 4026 Ger·

228 4070 342 4136 maniae
364 4091 451 4153 spem
474 4073 505 4132 et
528 4069 778 4153 expectationem
801 4067 939 4130 eludant.
977 4068 1148 4149 Quousque
1172 4067 1295 4149 putatis
1317 4065 1376 4128 haec

229 4198 296 4241 esse
318 4174 532 4240 differendat'
559 4173 770 4239 Statuendum
793 4177 840 4238 est
872 4172 994 4256 aliquid
1024 4171 1164 4235 omnino.
1213 4170 1376 4236 Germanis

229 4264 284 4347 uos
307 4281 429 4366 genuit,
453 4301 516 4344 non
540 4283 576 4343 ut
598 4279 632 4342 in
654 4279 753 4363 ipsius
770 4277 941 4362 perniciem
957 4299 1028 4341 cum
1043 4276 1183 4341 externis
1199 4275 1375 4360 conjuretis,

228 4410 337 4456 verum
360 4391 397 4451 ut
419 4386 553 4450 salutem
576 4386 642 4469 ejus
665 4383 840 4469 procuretis
863 4387 895 4448 et
919 4381 1198 4467 tranquillitatem.
1245 4382 1375 4466 Tempus
