2850 5018
694 317 736 381 88

134 492 265 556 corum?
289 489 328 553 In
351 513 421 575 quae
444 490 572 575 quidem
596 490 728 555 comitia
751 512 822 555 enm
845 495 949 555 essent
972 492 1089 556 intenti
1105 514 1205 577 prope
1220 515 1287 558 om·

134 619 189 661 nes
212 596 367 672 homines,
391 595 467 660 adeo
490 595 574 660 nihil
589 599 699 659 tamen
715 595 778 659 fuit
794 599 994 661 emendatum
1011 597 1046 660 in
1064 597 1114 675 iis,
1137 601 1175 662 nt
1191 599 1288 663 etiam

133 701 200 778 illi,
235 701 290 785 qui
321 704 436 784 praeter
465 701 528 765 vim
563 706 595 766 et
624 703 848 767 auctoritatem
883 704 1053 768 humanam
1081 704 1120 768 ad
1144 703 1287 788 disputa·

134 807 237 872 tiones
259 806 343 870 nihil
367 806 532 883 adferunt,
556 806 651 872 initio
673 808 783 871 statim
808 807 1058 892 profiterentur,
1089 830 1122 872 sc
1145 830 1212 872 non
1236 810 1288 875 de·

134 912 267 976 crevisse
299 913 467 997 quicquam
500 912 580 976 velle
611 913 780 976 immutare
813 912 862 976 vel
885 915 1023 976 statuere
1046 913 1158 990 aliter,
1193 935 1288 996 quam

132 1015 287 1080 hactenus
310 1016 345 1079 in
368 1037 468 1100 regno
491 1016 655 1100 pontificio
678 1018 790 1082 fuisset
815 1018 1025 1082 observatum.
1065 1017 1159 1083 Hane
1181 1041 1289 1084 vocem

134 1126 201 1186 tarn
233 1120 401 1185 absurdam
432 1125 464 1185 et
491 1122 601 1185 duram
626 1123 763 1205 adeoque
787 1123 912 1186 tristem
937 1126 969 1186 et
991 1121 1120 1205 plenam
1143 1123 1288 1207 despera·

136 1227 234 1291 tionis
255 1226 460 1310 protulerunt
481 1227 527 1290 ibi
549 1227 691 1314 theologi
715 1233 747 1292 et
766 1228 945 1313 jurisperiti
968 1227 1074 1292 vestri.
1123 1226 1157 1292 Si
1173 1232 1287 1313 praeter

137 1334 323 1397 mandatum
345 1337 485 1397 vestrum
509 1338 540 1397 et
563 1357 619 1399 sua
643 1335 779 1419 quadarn
802 1338 925 1418 sponte,
949 1333 1118 1397 dolendum
1135 1337 1184 1397 est
1203 1356 1285 1412 sane,

136 1435 264 1504 tanturn'
287 1439 352 1502 illis
376 1439 408 1502 in
434 1461 468 1503 re
491 1443 556 1503 tam
572 1440 670 1504 ardua
685 1439 835 1523 privatim
852 1439 954 1505 licere.
990 1437 1169 1503 sinautem
1186 1443 1288 1504 vestro

131 1546 241 1629 jussu,
265 1542 379 1609 videtis
402 1544 463 1627 ipsi
487 1547 681 1628 quantopere
703 1546 822 1610 factum
846 1545 931 1610 istud
954 1548 1094 1609 vestrum
1115 1545 1287 1630 degenera-

135 1651 179 1714 rit
202 1649 242 1714 ab
265 1649 322 1713 illa
344 1650 556 1735 generositate
579 1651 678 1714 animi
701 1655 734 1715 et
755 1651 943 1734 prudentia,
976 1672 1071 1734 quarn
1094 1651 1289 1729 ostendistis,

136 1776 199 1838 quo
230 1758 371 1837 tempore
400 1759 433 1818 et
466 1754 582 1819 abusus
616 1757 688 1820 illos
721 1756 955 1835 intolerabileS,
984 1775 1115 1819 numero
1151 1759 1289 1834 centum,

138 1859 277 1944 petiistis
300 1860 429 1939 aboleri,
452 1865 485 1926 et
506 1860 602 1924 simul
624 1862 784 1945 pontificis
807 1862 912 1946 legato
935 1861 1183 1944 respondebatis,
1207 1861 1291 1925 nihil

137 1988 193 2031 vos
217 1967 251 2029 in
273 1965 448 2031 Luthemm
471 1988 562 2049 posse
584 1968 712 2053 gravius
736 1968 911 2046 decernere,
935 1967 1004 2030 ideo
1027 1967 1110 2050 quod
1134 1967 1216 2031 vitia
1238 1968 1291 2032 ille

136 2071 250 2149 multa,
274 2093 344 2154 quae
365 2093 430 2135 non
453 2071 578 2155 possint
600 2072 803 2149 dissimulari,
828 2072 1005 2137 crederetur
1022 2071 1186 2136 detexisse.
1228 2073 1289 2137 Re·

134 2177 244 2260 petite,
267 2198 381 2260 quaeso,
405 2177 589 2240 memoriam
613 2178 679 2259 ejus
702 2177 864 2261 temporis,
890 2181 922 2241 et
948 2177 1050 2241 videte
1074 2199 1169 2260 quam
1194 2177 1291 2242 brerit

137 2281 273 2345 illustris
296 2280 362 2345 haec
384 2285 489 2346 vestra
512 2280 675 2346 confessio.
718 2281 863 2346 Manebit
884 2282 941 2346 illa
964 2304 1087 2366 semper
1110 2282 1291 2346 litterarum

135 2387 289 2470 impressa
311 2385 543 2463 monumentis,
579 2408 635 2450 nec
658 2386 724 2450 ulla
750 2390 889 2450 vetustas
912 2409 981 2450 eam
1005 2386 1131 2450 delebit.
1176 2387 1292 2452 Videte

135 2491 328 2574 propiusque
350 2491 556 2569 considerate,
581 2513 726 2574 quaenam
750 2492 817 2555 sint
838 2491 903 2569 illa,
932 2495 1092 2574 quactum
1116 2492 1291 2575 cupiebatis

137 2619 156 2660 a
177 2596 328 2679 pontifice
351 2595 402 2660 vel
423 2596 541 2679 corrigi
563 2595 614 2659 vel
636 2597 669 2658 in
692 2596 876 2660 universum
900 2597 1027 2661 aboleri.
1067 2595 1100 2661 Si
1118 2597 1291 2682 diligenter

135 2701 355 2785 inspiciantur,
380 2701 580 2783 comperietis
602 2701 659 2764 illa
683 2723 826 2766 manasse
848 2725 886 2766 ex
909 2724 1018 2766 eorum
1041 2702 1180 2781 officina,
1214 2724 1291 2787 quos

135 2807 346 2890 pulcherrime
378 2807 552 2891 depingens
581 2810 614 2871 et
644 2807 863 2890 praenuntians
904 2806 959 2871 ille
997 2807 1063 2870 veri
1095 2811 1291 2873 monstrator

140 2912 272 2996 spiritus
296 2912 341 2976 ait
364 2911 641 2977 exercitatissimos
657 2934 723 2976 esse
738 2912 771 2975 in
788 2913 875 2975 omni
891 2934 1005 2996 genere
1021 2912 1151 2995 rapinae,
1174 2912 1291 2976 habere

136 3017 242 3081 oculos
265 3017 409 3081 libidinis
432 3022 463 3083 et
485 3018 627 3082 avaritia
649 3022 755 3094 testes,
780 3039 816 3082 ac
831 3018 872 3081 -in
895 3039 1034 3082 errorem
1056 3019 1209 3083 adductos
1231 3019 1288 3083 ho·

136 3123 237 3187 mines
266 3123 424 3189 devorare.
471 3122 535 3187 Cur
549 3123 634 3187 enim
657 3123 818 3187 emendari
841 3123 985 3187 voluistis
1014 3145 1051 3187 ea
1083 3123 1134 3186 vel
1160 3146 1290 3208 prorsus

137 3229 303 3314 abrogari,
339 3230 402 3293 nisi
437 3230 520 3313 quod
550 3228 682 3306 callide,
711 3228 976 3311 insilFiiijldiose
1007 3232 1039 3292 et
1068 3250 1161 3292 avare
1185 3252 1204 3292 a
1227 3229 1289 3293 Ro-

136 3334 339 3398 manensibus
372 3334 549 3418 excogitata
580 3339 700 3399 vestras
723 3338 755 3397 et
778 3333 967 3418 populorum
990 3337 1167 3398 vestrorum
1191 3334 1289 3399 facul·

137 3443 219 3504 tates
250 3439 472 3518 exhaurirent,
504 3464 540 3505 ac
570 3440 667 3504 nimis
699 3461 816 3524 magna
839 3442 993 3503 servitute
1015 3460 1069 3503 vos
1091 3441 1289 3524 constringe·

137 3546 235 3608 rent?
271 3543 387 3609 Nonne
410 3544 474 3609 fuit
491 3545 558 3610 haee
574 3568 667 3610 eausa
683 3549 795 3609 vestrae
810 3545 967 3628 querelae?
999 3545 1075 3609 Fuit
1086 3568 1171 3610 sane.
1214 3545 1290 3611 Cum

138 3654 245 3714 autem
268 3673 304 3716 ea
326 3651 448 3734 primus
472 3652 614 3715 omniurn
645 3651 795 3715 indicarit
817 3649 995 3727 Lutherus,
1028 3651 1290 3735 quemadmodum

705 3775 723 3811 ,4
821 3761 833 3784 .

138 3858 329 3938 schwernds,
353 3883 393 3925 an
418 3861 452 3925 in
476 3862 549 3944 (den
572 3862 760 3945 Endchrist)
783 3863 865 3926 thim
887 3863 1025 3947 langen,
1055 3861 1115 3925 mit
1138 3860 1290 3946 fleissiger

138 3967 212 4044 bitt,
235 3967 285 4032 die
307 3967 415 4032 selben
439 3969 641 4032 abnbstcllen.
688 3967 774 4032 Acht
794 3970 845 4052 jar
869 3968 1017 4045 darnaeh,
1041 3970 1080 4032 ad
1102 3964 1286 4051 Augspurg,

138 4072 178 4137 da
194 4071 388 4137 Keiserliche
402 4071 551 4136 Maiestat
574 4075 646 4156 [58]
662 4074 744 4138 selbs
760 4075 821 4137 mit
836 4073 919 4138 allen
936 4071 1074 4136 Stenden
1091 4071 1145 4134 des
1162 4068 1286 4144 Reichs,

139 4178 174 4240 in
196 4198 322 4262 grosser
344 4176 551 4241 mercklicher
575 4177 665 4242 anzal
688 4178 889 4257 erachinnen,
912 4177 980 4241 auff
1000 4175 1116 4240 welche
1133 4173 1290 4240 beilrunfft

139 4283 203 4346 und
226 4282 428 4367 versamlung
451 4282 622 4365 yederman
644 4283 711 4348 sich
735 4283 880 4348 hdchlich
904 4285 1090 4361 verlr'dstet,
1122 4281 1178 4344 der
1210 4279 1290 4345 hoff·

139 4409 246 4472 nung,
281 4410 313 4451 es
346 4387 425 4451 solte
456 4392 553 4450 etwas
587 4392 721 4452 erdrtert
744 4388 886 4452 werden:
922 4388 969 4452 als
993 4409 1025 4450 es
1048 4390 1103 4452 abr
1125 4386 1289 4469 handlung
