2850 5018
684 369 743 429 179

129 539 218 620 falsi,
242 541 316 606 dum
340 541 441 616 illud,
477 540 559 624 quod
591 538 631 602 ab
658 538 737 621 ipsis
766 559 884 622 magna
915 533 1091 603 temeritato
1113 539 1284 604 confictum

132 651 192 724 est,
216 647 394 711 obtrudunt
416 645 504 721 orbi,
530 643 617 706 velut
640 646 873 706 sacrosanctum
897 646 928 706 et
951 643 1178 708 authenticum.
1224 643 1284 708 sed

132 755 296 833 utcunque
319 750 370 825 sit,
394 746 630 812 aConstantini
651 745 845 828 temporibus
867 746 1049 810 extulerunt
1072 749 1203 825 animos,
1229 770 1283 813 ne·

134 877 195 938 que
218 875 310 936 pares
333 853 502 916 voluerunt
525 871 591 913 esse
610 849 739 931 reliquis
755 849 917 931 episcopis.
948 848 991 912 Et
1006 851 1081 932 qnia
1096 874 1285 936 propensam

136 981 214 1044 erga
236 981 270 1023 00
292 958 442 1023 videbant
465 956 622 1022 Oaesarum
654 955 870 1032 voluntatem,
905 956 1061 1037 putabant
1090 957 1285 1022 occasionem

135 1067 219 1130 hanc
240 1064 372 1127 minime
395 1060 718 1146 praetermittendam,
741 1063 773 1124 et
795 1058 1000 1124 auferendum
1023 1061 1062 1125 ab
1086 1062 1284 1145 imperatori-

135 1171 194 1235 bus
219 1172 375 1251 quantum
397 1166 466 1230 fieri
488 1169 610 1249 posset,
643 1164 763 1228 interea
794 1165 867 1227 dum
890 1164 939 1227 illi
962 1187 1076 1229 novam
1099 1167 1286 1252 religionem

135 1279 167 1339 et
199 1273 434 1338 admirarentur
463 1274 494 1333 et
525 1269 725 1332 vehementer
756 1272 908 1332 amarent.
960 1269 1099 1352 Scopas,
1134 1294 1196 1354 quo
1228 1296 1286 1337 sua

135 1377 201 1442 tela
222 1375 422 1459 dirigebant,
455 1372 507 1436 hic
529 1375 607 1449 erat,
630 1375 667 1434 ut
690 1368 845 1435 Gaesarum
870 1372 1033 1437 voluntate
1054 1373 1164 1438 liceret
1187 1377 1283 1464 ipsisl

137 1480 361 1546 auctoritatem
392 1499 544 1561 usurpare
576 1476 609 1538 in
639 1475 832 1559 reliquarum
855 1478 1089 1558 provinciarum
1113 1480 1284 1563 episcopos.

137 1584 276 1650 Duravit
297 1584 364 1647 haec
386 1582 518 1647 ambitio
541 1603 597 1665 per
620 1601 720 1645 annos
750 1580 816 1644 fere
845 1585 1020 1660 trecentos,
1056 1607 1118 1667 quo
1149 1586 1286 1668 primum

139 1696 299 1774 tempore,
335 1689 418 1772 quod
441 1687 605 1763 volebant,
640 1687 853 1769 impetrarunt
887 1687 928 1750 ab
960 1689 1149 1772 imperatore
1172 1690 1286 1756 Phoca.

141 1794 199 1861 Sed
222 1793 335 1858 multis
359 1792 451 1856 annis
473 1795 682 1872 anteaquam
706 1790 765 1854 hoc
781 1791 1012 1874 impetrassent,
1036 1795 1207 1860 amiserant
1222 1796 1287 1860 lto·

140 1900 225 1985 mani
250 1897 400 1982 quicquid
424 1917 530 1961 versus
553 1894 745 1959 occidentem
769 1896 865 1959 solem
889 1898 1106 1979 possederant,
1142 1905 1174 1964 01
1196 1922 1287 1966 occu·

139 2007 256 2090 parant
277 2003 334 2066 illa
355 2001 500 2065 nationes
522 2000 673 2076 barbarae,
698 2000 750 2062 sed
774 2003 806 2063 et
828 1998 923 2064 ltalia
946 2001 1104 2067 diuturnis
1120 2006 1287 2070 admodum

141 2108 354 2195 gravibusque
376 2104 467 2168 bellis
498 2103 708 2187 affligebatur.
754 2101 805 2168 sic
834 2104 910 2168 adeo
933 2103 1068 2171 Oaesares
1098 2131 1191 2174 omne
1220 2116 1288 2175 stu·

142 2215 225 2279 dium
250 2213 290 2277 ad
319 2209 487 2275 orientales
518 2230 588 2272 oras
620 2212 863 2286 converterunt,
897 2210 1012 2292 quibus
1045 2213 1078 2275 in
1109 2215 1186 2278 locis
1214 2205 1288 2280 ¹cum

141 2319 306 2392 haererent,
331 2318 442 2378 natum
465 2316 513 2377 est
533 2314 663 2378 tandem
686 2313 840 2377 intereos
864 2319 896 2378 01
911 2315 1090 2381 Romanum
1106 2319 1289 2404 episcopum

142 2444 203 2487 non
240 2423 307 2485 leve
342 2418 506 2482 dissidium
534 2417 629 2482 variis
663 2418 700 2480 de
734 2419 842 2482 causis.
891 2420 980 2496 Quod
1011 2442 1082 2484 cum
1113 2429 1194 2487 00001
1216 2448 1288 2509 per-

145 2528 290 2603 tinacius,
314 2528 346 2587 et
369 2523 470 2587 indies
493 2523 595 2607 magis
617 2526 712 2604 atque
730 2523 832 2606 magis
848 2529 1036 2606 augesceret,
1059 2524 1196 2592 Romani
1211 2552 1291 2613 pon·

706 2641 725 2680 a

142 2737 236 2802 reden
260 2734 311 2798 die
333 2734 417 2809 welt,
440 2754 473 2796 es
496 2731 540 2795 sei
562 2729 801 2794 Autheuticum.
833 2730 905 2794 Wie
928 2732 998 2795 dem
1020 2735 1105 2815 aber,
1129 2758 1163 2799 so
1186 2738 1288 2803 haben

143 2844 185 2907 sie
216 2840 315 2918 doch,
346 2837 499 2902 nachdem
520 2835 632 2899 Keiser
655 2834 882 2899 Constantinus
914 2860 1048 2902 unseren
1071 2841 1208 2924 glauben
1232 2867 1289 2908 an·

141 2966 330 3030 genommen
352 2943 419 3022 hat,
443 2946 538 3005 etwas
555 2940 645 3004 mehr
661 2940 774 3004 wollen
790 2942 866 3021 sein,
891 2943 975 3005 dann
991 2945 1105 3008 andere
1123 2946 1287 3015 Bischoffe.

142 3047 255 3115 Haben
280 3048 424 3133 gedacht,
448 3070 522 3111 man
545 3047 622 3110 solle
645 3047 700 3109 das
723 3045 807 3108 cisen
831 3046 1013 3123 schmiden,
1049 3048 1140 3113 dweil
1164 3075 1196 3115 es
1219 3053 1286 3117 heis

142 3154 200 3231 ist,
224 3155 290 3218 und
313 3154 364 3216 bei
387 3154 446 3216 den
470 3173 578 3215 newen
603 3149 711 3213 Christ
732 3151 920 3234 gemachten
944 3152 1114 3233 Keiseren,
1152 3163 1216 3220 witr
1239 3160 1289 3223 nit

144 3257 331 3323 schwarlich
356 3263 451 3322 etwas
474 3261 511 3321 ab
535 3242 693 3339 erlangen.
741 3255 773 3319 lr
797 3257 941 3321 beschlus
963 3258 1019 3321 hat
1042 3260 1137 3323 dahin
1161 3265 1288 3345 gestan-

143 3365 212 3442 den,
235 3362 442 3427 Jurisdiction
465 3363 529 3425 und
553 3363 678 3446 geualt,
708 3357 786 3426 dher
809 3365 923 3427 andere
946 3363 1103 3428 Bischoffe
1126 3368 1190 3430 und
1214 3367 1289 3430 Kir-

143 3469 232 3546 ehen,
256 3471 295 3531 01
319 3466 482 3530 bekomen.
514 3466 607 3530 Diser
629 3466 769 3550 ehrgeitz
791 3467 848 3531 hat
870 3469 950 3532 auch
968 3470 1017 3532 bis
1032 3471 1066 3533 in
1082 3471 1132 3535 die
1148 3471 1191 3554 iij.
1205 3473 1289 3536 hun-

143 3575 212 3638 dert
230 3575 283 3657 jar
309 3572 472 3649 beharret,
506 3573 571 3635 und
602 3571 741 3636 endtlich
766 3571 868 3636 baben
891 3574 937 3638 sie
959 3597 991 3638 es
1014 3575 1064 3638 bei
1087 3576 1157 3639 dem
1180 3576 1291 3641 Keiser

144 3678 265 3743 Phocas
288 3677 441 3740 erhaltcn.
486 3675 551 3739 Das
575 3676 617 3738 ist
645 3677 690 3740 ire
713 3676 948 3755 Praeminenta,
979 3676 1057 3742 Jure
1080 3680 1195 3744 divino.
1242 3680 1291 3744 Da

144 3784 215 3847 sind
237 3783 284 3846 sie
307 3804 373 3844 nun
396 3781 489 3844 stoltz
512 3781 647 3844 worden.
684 3781 749 3844 Hat
765 3782 831 3845 sich
856 3780 970 3846 etliche
992 3783 1053 3845 0011
1076 3784 1290 3847 (1000001001-

145 3891 316 3972 getragen,
351 3888 405 3950 das
438 3886 483 3950 sie
517 3887 577 3948 mit
606 3887 677 3949 dem
700 3884 920 3950 Orientiscben
943 3871 1174 3972 Keiserldenn
1197 3892 1291 3976 lange

144 3993 204 4056 0011
226 4013 284 4056 vor
317 3991 396 4054 irem
426 3992 590 4075 erlangten
622 3991 688 4053 und
718 3990 937 4075 abgebetelten
962 3991 1103 4069 Prinrat,
1138 4016 1203 4056 war
1237 3994 1292 4058 das

146 4095 368 4161 Occidentisch
389 4096 507 4173 Reich,
543 4097 602 4159 den
625 4096 782 4160 Rdmeren
805 4097 993 4182 zugehbrig,
1029 4099 1192 4177 verloren,
1227 4101 1292 4163 und

146 4201 242 4265 durch
266 4201 381 4264 andere
396 4200 557 4266 Nationen
579 4202 801 4286 eingenomen)
826 4203 859 4265 10
882 4224 991 4288 grosse
1014 4204 1213 4288 uneinigheit
1235 4205 1291 4268 ko-

146 4327 216 4371 men
240 4304 322 4369 sind.
367 4305 547 4369 Derhalben
571 4307 656 4369 dann
679 4306 733 4369 der
757 4306 855 4370 Babst
879 4308 1004 4391 (vorhin
1027 4307 1214 4371 ltdmiscber
1239 4308 1292 4371 Bi·

147 4411 248 4477 schoff
268 4412 403 4497 genant)
428 4412 507 4476 nach
523 4412 592 4476 dem
609 4411 732 4476 solcher
746 4413 845 4477 aanck
862 4414 926 4477 und
944 4413 1174 4497 verbitterung,
1194 4413 1293 4502 lange

1027 4515 1059 4570 12
1070 4517 1084 4546 *¹
