2850 5018
771 355 833 417 180

223 524 323 589 tifices
352 526 480 590 inibant
507 527 645 591 rationes
677 549 747 592 cum
781 524 893 589 Galliae
923 524 1071 609 regibus,
1107 548 1171 589 non
1204 526 1370 591 admodum

223 628 416 713 longinquis,
439 651 573 712 quorum
596 631 722 694 auxiliis
745 651 809 693 non
833 628 930 693 semel
951 630 1094 692 restituti
1116 631 1246 695 fuerant
1260 635 1294 695 et
1308 653 1370 695 ser·

224 733 301 809 uati,
324 738 361 797 nt
383 735 423 798 ad
438 734 612 798 Caesareum
635 735 787 799 honorem
810 737 905 816 atque
927 738 1081 817 sceptrum
1107 735 1284 819 adjicerent
1305 737 1370 800 ani·

223 861 330 914 mum3
354 839 448 922 idque
470 837 614 903 fecerunt
636 862 699 904 non
724 839 786 903 alio
805 838 947 916 consili0,
971 861 1064 921 quarn
1083 844 1118 903 ut
1132 862 1218 925 aegre
1232 840 1370 905 facerent

223 942 328 1025 prisco
344 942 487 1007 Romano
503 943 627 1022 Caesari,
651 945 739 1027 cujus
762 966 781 1007 a
803 943 974 1026 majoribus
997 947 1102 1007 tamen
1120 946 1229 1009 ornati
1244 945 1370 1010 fuerant

222 1050 254 1111 et
277 1047 311 1110 in
335 1048 415 1112 illud
445 1048 611 1133 fastigium
640 1049 757 1121 evecti,
791 1047 903 1112 deinde
933 1052 970 1110 ut
999 1053 1186 1132 perpetuum
1217 1050 1371 1114 haberent

223 1151 417 1216 defensorem
440 1154 589 1217 adversus
619 1154 820 1237 ingruentem
850 1152 916 1216 vim
947 1152 1096 1216 hostium.
1142 1153 1214 1218 Hac
1242 1154 1369 1218 tandem

221 1255 344 1319 ratione
359 1254 499 1333 Carolus,
524 1256 687 1320 Gallorum
710 1278 774 1334 rex,
797 1255 900 1319 factus
924 1258 970 1319 est
993 1256 1165 1339 imperator
1189 1259 1369 1322 occidentis.

311 1359 471 1426 Hactenus
495 1364 600 1424 autem
629 1360 754 1425 nullum
783 1359 925 1422 extitisse
954 1360 1198 1442 jusjurandum,
1233 1361 1371 1426 dubitari

221 1487 286 1529 non
310 1469 423 1548 potest.
470 1463 546 1528 Cum
571 1464 656 1527 enim
685 1464 831 1547 vigerent
862 1484 918 1545 per
941 1460 1090 1540 Italiam,
1124 1468 1157 1528 et
1190 1465 1225 1528 in
1261 1465 1370 1550 primis

222 1568 342 1647 Romae,
365 1569 614 1652 persecutiones,
638 1590 708 1631 oum
731 1567 942 1631 sollicitarent
963 1567 1012 1630 illi
1034 1568 1220 1646 ambitiose,
1257 1576 1295 1635 ut
1317 1573 1368 1636 ha-

221 1674 372 1738 berentur
394 1695 492 1758 supra
514 1694 712 1738 communem
737 1671 836 1755 [Piij]
859 1671 993 1734 aliorum
1009 1671 1229 1754 episcoporum
1245 1679 1369 1752 sortem,

224 1800 295 1842 cum
330 1778 443 1842 deinde
474 1777 604 1843 Carolus
627 1777 762 1862 Magnus
785 1777 869 1860 ipsos
892 1775 1051 1840 beneficiis
1074 1777 1259 1857 devinciret,
1283 1779 1371 1843 facile

221 1883 356 1968 cogitari
385 1885 511 1966 potest,
546 1902 641 1963 quani
671 1881 752 1944 nihil
784 1881 828 1943 eis
857 1881 1031 1944 detulerint
1053 1880 1190 1946 Caesares
1220 1884 1370 1967 praecipui

221 1988 371 2064 honoris,
394 1987 434 2051 ab
457 1987 589 2050 orientis
612 1989 719 2049 autem
742 1985 797 2049 illo
820 1985 923 2068 prisco
945 1984 1065 2049 Caesare
1087 2007 1152 2049 non
1175 1991 1265 2065 erat,
1289 1988 1370 2072 quod

220 2093 321 2156 ullum
345 2114 408 2156 non
431 2091 581 2155 honorem
606 2092 708 2167 modo,
735 2091 789 2154 scd
813 2112 852 2154 ne
874 2090 1003 2175 signum
1025 2091 1151 2174 quidem
1175 2093 1295 2157 amoris
1319 2114 1371 2157 ex·

220 2200 393 2279 pectarent.
440 2194 569 2259 Certum
599 2198 648 2260 est
678 2195 794 2278 igitur,
829 2216 894 2258 non
916 2196 1018 2258 solum
1041 2217 1105 2258 non
1128 2196 1274 2261 extitisse
1296 2201 1371 2260 tunc

220 2301 320 2365 ullum
340 2301 573 2384 jusjurandum,
597 2300 650 2363 sed
673 2299 776 2362 doceri
800 2321 922 2383 quoque
937 2303 1042 2383 potest
1057 2300 1263 2365 historiarum
1279 2300 1369 2366 testi·

789 2418 805 2454 *

220 2511 283 2575 zeit
304 2509 472 2594 gewehret,
496 2508 562 2572 dise
584 2508 708 2590 pratick
726 2507 881 2571 erfunden
897 2506 962 2585 hat,
986 2507 1035 2570 die
1051 2506 1159 2592 Kdnig
1175 2512 1213 2572 zir
1229 2508 1370 2574 Franck-

219 2616 315 2691 reich,
339 2635 402 2677 von
424 2614 581 2692 welchen,
605 2635 655 2690 er,
679 2613 736 2676 inn
759 2612 865 2676 seiuen
890 2615 1019 2695 grdsten
1042 2616 1156 2690 ndten,
1181 2635 1238 2678 vor
1260 2616 1370 2681 seinen

219 2718 362 2796 ieinden,
398 2718 433 2780 in
455 2716 590 2793 Italien,
624 2720 755 2780 errettet
778 2716 843 2779 und
866 2715 1008 2780 erhalteu
1032 2739 1113 2798 war,
1146 2722 1185 2783 zir
1208 2720 1369 2806 bewegen,

219 2824 302 2888 nach
324 2823 394 2886 dem
417 2821 643 2886 Keiserthumb
665 2824 703 2885 nir
725 2821 891 2897 trachten,
926 2821 1026 2885 damit
1055 2844 1088 2886 er
1118 2824 1227 2888 seinen
1256 2826 1369 2890 wider-

219 2929 373 3013 wertigen
397 2925 527 3003 Keiser,
561 2926 694 2990 welcher
717 2929 755 2989 zd
778 2924 1039 3009 Constantinopel
1071 2928 1180 2992 seinen
1208 2951 1273 2993 sess
1303 2931 1367 3009 het,

218 3037 343 3098 trotzet.
374 3031 452 3095 Also
474 3031 517 3094 ist
539 3029 669 3094 Carolus
692 3028 799 3113 Kdnig
821 3033 859 3094 air
883 3030 1101 3110 Frauchreich,
1124 3053 1228 3118 gegen
1251 3034 1368 3099 Nider·

219 3160 306 3224 gang
328 3137 383 3202 der
405 3136 541 3211 Sonnen,
566 3134 677 3199 Keiser
701 3135 836 3198 worden.

219 3242 374 3307 Bisanher
397 3242 439 3305 ist
461 3240 542 3304 noch
565 3240 639 3303 kein
663 3238 720 3302 Eid
745 3261 905 3324 genesen,
932 3239 1026 3303 Denn
1048 3240 1095 3304 als
1117 3240 1162 3305 sie
1184 3244 1370 3329 anfenglich

219 3347 389 3432 verfolget,
420 3345 557 3409 darnach
581 3345 627 3409 als
649 3345 693 3408 sie
724 3366 796 3407 vom
820 3344 1029 3409 Constantino
1061 3346 1198 3430 begabet
1229 3350 1370 3429 wurden,

220 3453 284 3516 und
306 3453 353 3515 als
376 3450 421 3515 sie
450 3450 613 3534 lolgends,
649 3449 708 3512 den
732 3448 865 3512 Keiscrn
893 3452 1019 3513 mdsten
1050 3451 1272 3531 nachlauffen,
1310 3456 1371 3519 den

220 3556 343 3620 Primat
359 3559 397 3620 cd
412 3554 574 3638 erlangen,
591 3555 663 3636 [30]
679 3555 721 3617 ist
736 3553 797 3617 wol
812 3556 850 3616 nd
866 3575 1032 3631 ermessen,
1047 3554 1102 3617 das
1115 3555 1164 3619 die
1175 3556 1299 3637 Keiser,
1316 3560 1372 3624 das

217 3657 323 3724 hirtlin
336 3661 385 3724 nit
396 3659 504 3724 hetten
516 3660 638 3737 wdllen,
653 3680 708 3722 vor
717 3659 801 3736 inen,
813 3660 859 3722 als
870 3681 925 3722 vor
932 3659 999 3722 iren
1008 3659 1192 3740 lehenhern,
1206 3663 1369 3728 abziehen.

218 3764 308 3829 Beim
332 3764 554 3829 Criechischen
578 3765 653 3827 oder
674 3761 895 3827 Orientischen
917 3762 1044 3842 Keiser,
1076 3767 1205 3830 wiirden
1228 3768 1275 3832 sie
1299 3790 1371 3832 ver·

217 3869 344 3953 geblich
365 3852 498 3933 dardmb
520 3869 711 3953 angesdchet
740 3868 852 3932 haben.
899 3867 995 3932 Also·
1010 3869 1052 3932 ist
1087 3870 1137 3933 nit
1166 3871 1260 3935 allein
1294 3873 1371 3937 kain

217 3971 276 4037 Eid
300 3973 442 4038 dazdmal
466 3995 630 4058 genesen,
665 3973 778 4037 sonder
809 3996 881 4036 man
913 3975 975 4037 kan
1008 3975 1053 4038 sie
1083 3976 1164 4040 auch
1196 3978 1296 4042 durch
1319 3978 1372 4042 die

217 4077 372 4141 historien
397 4073 601 4162 iiberzeugen,
626 4078 681 4141 das
704 4077 748 4140 sie
763 4077 826 4140 ires
840 4077 1067 4142 Bischthumbs
1083 4081 1157 4143 oder
1174 4080 1371 4146 Babstumbs

216 4182 438 4246 confirmation
461 4204 534 4246 vom
555 4182 667 4247 Keiser
689 4181 857 4265 empfahen
880 4186 1016 4260 mdsten,
1039 4183 1098 4246 wie
1120 4206 1153 4248 es
1176 4186 1263 4249 dann
1288 4186 1372 4251 anch

216 4307 272 4349 zur
292 4287 354 4350 zeit
376 4286 487 4350 Keiser
510 4287 599 4352 Carls
622 4287 769 4372 gehalteu
792 4287 904 4350 warde.
950 4285 1026 4351 Nun
1051 4287 1094 4351 ist
1115 4288 1192 4369 aher
1213 4312 1289 4371 war,
1313 4292 1370 4356 das

216 4390 245 4455 ir
268 4413 386 4483 wesen,
410 4392 597 4478 regierung,
622 4391 735 4476 pracht
758 4392 821 4456 und
844 4391 1056 4480 lierrschung,
1080 4397 1119 4460 zd
1142 4395 1256 4462 Keiser
1279 4397 1369 4464 Caris
