2850 5018
620 338 766 444 73¹

57 517 227 594 Quomodo
252 519 374 594 autem,
405 538 445 579 an
475 515 577 580 hastis
598 517 631 579 et
654 515 781 580 ensibus
803 517 835 578 et
858 513 890 578 vi
913 536 1072 580 armorum
1094 519 1127 580 et
1148 539 1216 580 ma-

57 623 162 687 chinis
185 610 335 687 bellicis?
379 620 530 698 Minime,
563 619 616 683 sed
639 620 707 684 sola
736 619 824 683 verbi
854 619 953 683 divini
983 620 1216 704 praedicatione.

56 727 175 792 Nonne
199 727 261 792 hoc
282 726 427 791 miraculi
450 726 579 809 plenum
604 728 677 788 est?
724 725 806 803 Quid
830 725 960 789 interim
982 747 1071 811 reges
1093 731 1125 790 et
1149 749 1216 792 mo·

57 833 211 898 narchae‘?
257 830 468 895 Fremuerunt
490 829 584 893 initio
607 829 827 906 vehementer,
852 851 910 892 nec
932 829 1025 894 hodie
1048 831 1142 915 plane
1166 854 1215 896 re·

58 939 197 1003 mittunt
222 924 296 1014 iras,
318 936 460 1000 fecerunt
483 933 517 997 in
541 933 607 1016 ejus
630 934 779 1018 gratiam,
804 933 888 1016 quod
913 937 1016 1018 quivis
1040 936 1218 1000 adolescens
1318 980 1321 987 ·

60 1067 114 1129 pro
137 1042 260 1128 puella,
286 1063 380 1124 quam
404 1044 505 1117 amet,
530 1039 555 1102 si
578 1039 812 1123 periclitantem
846 1040 985 1118 videret,
1016 1041 1162 1106 libenter·
1176 1042 1219 1105 sit

62 1149 214 1215 facturus.
263 1146 345 1225 Quid
368 1144 497 1208 interim
520 1144 588 1221 illi,
615 1166 749 1227 quorum
772 1145 932 1227 scriptura
954 1147 1110 1226 meminit,
1134 1169 1218 1212 mer·

61 1259 181 1320 catores
207 1256 264 1317 aut
287 1251 418 1336 quinam
443 1249 498 1312 isti
520 1251 619 1313 sunt?
650 1247 741 1313 Certe
763 1254 832 1313 tota
852 1251 1087 1333 pontificiorum
1110 1254 1216 1332 turba,
1320 1282 1322 1287 ·

64 1351 116 1444 qiri
139 1359 354 1424 characterem
378 1359 409 1418 et
432 1358 540 1419 notam
564 1358 681 1440 gerunt
703 1353 829 1432 bestiae,
860 1356 914 1438 qui
938 1379 1003 1439 prae
1025 1359 1137 1422 ceteris
1159 1358 1217 1424 110-

62 1464 203 1530 minibus
227 1461 368 1545 insignia
390 1460 532 1543 quaedam
557 1458 675 1524 habent
699 1460 876 1545 privilegia.
919 1459 1013 1526 Stant
1035 1485 1143 1528 omnes
1167 1467 1216 1529 at·

61 1570 167 1647 toniti,
192 1569 362 1644 mirantur,
385 1586 454 1646 quae
478 1564 544 1629 sint
566 1564 628 1628 ista
651 1564 796 1643 fulmina,
821 1587 890 1648 quae
906 1571 1076 1651 tempestas
1094 1573 1126 1633 et
1140 1590 1216 1652 pro-

64 1677 156 1752 cellae,
182 1673 352 1756 deplorant
380 1670 523 1735 miserias
550 1673 583 1734 et
613 1673 834 1754 paupertatem
866 1692 975 1750 suam,
1009 1673 1112 1757 quod,
1147 1695 1218 1738 cum

64 1783 156 1843 antea
178 1774 438 1863 copiolsissimam
461 1774 615 1838 baberent
640 1795 780 1853 messem,
805 1779 838 1839 et
859 1776 1056 1842 uberrimum
1077 1777 1218 1844 facerent

64 1907 97 1948 ex
119 1883 218 1947 rebus
241 1881 388 1946 omnibus
410 1879 595 1962 variumque
617 1883 783 1962 quaestum,
807 1902 891 1945 nunc
915 1882 1009 1966 plane
1030 1884 1097 1949 sint
1119 1882 1216 1948 desti·

65 1991 134 2068 tuti,
161 2010 222 2053 nec
245 1987 403 2051 rationem
425 1985 522 2048 ullam
545 1984 673 2048 videant
695 1985 810 2049 amissa
833 1988 1047 2070 recuperandi.

149 2093 212 2159 Sed
236 2114 276 2156 ne
298 2093 358 2156 hoc
380 2091 485 2175 ipsum
507 2089 635 2172 quidem
657 2089 838 2172 praesidium
870 2096 902 2168 et
931 2094 1219 2179 propugnaculum,

67 2222 124 2283 quo
158 2199 225 2263 fere
255 2198 320 2261 solo
352 2196 468 2259 nititur
497 2194 660 2259 Romanus
693 2195 856 2274 dominus,
888 2198 1015 2262 firmum
1046 2199 1123 2263 satis
1155 2199 1218 2263 fuit

68 2301 219 2367 hactenus
244 2305 300 2366 aut
322 2301 466 2365 solidum.
510 2300 731 2365 Defenderunt
754 2302 845 2365 illum
868 2303 962 2367 initio
985 2325 1075 2389 reges
1099 2304 1219 2387 pariter

68 2429 191 2481 omneS,
225 2410 259 2472 et
290 2407 336 2470 ita
365 2402 492 2488 quidem
525 2406 660 2486 acriter,
696 2410 732 2470 ut
759 2407 867 2471 omnia
897 2408 1078 2472 viderentur
1102 2431 1159 2494 pro
1182 2430 1219 2472 eo

69 2511 261 2597 suscepturi,
293 2533 379 2576 nunc
407 2515 512 2575 autem
542 2533 579 2575 ex
610 2511 660 2575 his
691 2512 769 2596 ipsis
800 2513 928 2594 quidam
952 2513 1152 2592 defecerunt,
1186 2517 1220 2577 et

635 2634 653 2672 s

69 2746 123 2786 uns
140 2723 206 2788 Got
229 2723 284 2787 der
307 2723 530 2808 barmhertzig,
555 2722 594 2786 da
618 2744 652 2786 er
671 2710 810 2806 spricht,
830 2722 863 2786 11
886 2722 972 2787 mein
987 2725 1089 2803 volck,
1114 2724 1217 2789 meina

70 2829 281 2907 ausserkorne,
304 2829 411 2893 fliehet
434 2830 495 2893 auss
519 2829 574 2892 der
596 2849 727 2913 grossen
751 2830 815 2891 stat
838 2827 1002 2913 Babylon,
1026 2830 1066 2893 da
1088 2831 1138 2893 die
1160 2851 1216 2914 ge·

70 2935 249 3010 schmuckte
273 2934 363 2998 dirue
385 2934 431 2997 ire
454 2955 592 3017 wonung
614 2933 689 3012 hat,
725 2933 824 2996 damit
854 2933 882 2996 ir
913 2933 976 2997 irer
1006 2936 1127 2999 stinden
1150 2935 1217 3000 und

70 3039 172 3114 laster,
197 3039 278 3104 auch
302 3039 363 3102 irer
387 3039 544 3123 straffung
567 3039 632 3102 und
656 3038 842 3102 verderbens
867 3039 916 3101 nit
938 3038 1111 3124 teylhaftig
1135 3061 1215 3104 wer-

71 3147 150 3210 dent.
198 3144 292 3208 Denn
316 3144 362 3207 ire
390 3144 596 3208 missethaten
629 3144 694 3207 und
717 3144 839 3207 stinden
862 3143 932 3207 sind
956 3143 1010 3208 biss
1032 3166 1093 3229 gen
1117 3145 1215 3209 himel

69 3251 277 3335 aufgestigen,
303 3250 366 3312 und
390 3249 453 3313 Got
474 3249 518 3313 ist
539 3249 617 3313 aller
640 3249 704 3312 irer
726 3249 824 3312 laster
845 3248 1049 3331 eingedenck.
1090 3249 1217 3314 Bezalet

69 3357 110 3419 sie
132 3357 193 3419 mit
217 3354 379 3418 dersalben
403 3376 526 3418 massen
548 3354 608 3417 wie
630 3354 675 3417 sie
699 3353 776 3417 euch
802 3351 922 3437 gethan
946 3354 1012 3430 hat,
1035 3356 1101 3419 und
1123 3354 1216 3440 gebts

69 3462 95 3525 ir
116 3460 275 3546 cweyfach
300 3462 381 3525 nach
403 3461 471 3524 iren
488 3460 640 3524 werckerr.
677 3459 727 3522 Im
750 3458 1011 3543 trinckgeschier,
1035 3459 1148 3523 darinn
1173 3460 1220 3524 sie

69 3567 132 3631 iren
169 3566 348 3630 onsaubern
384 3564 466 3628 wein
498 3564 674 3650 gemischt,
710 3565 773 3627 und
805 3564 883 3628 euch
915 3564 1124 3649 geschenclrct
1152 3564 1219 3643 hat,

69 3672 197 3735 wollent
220 3670 248 3733 ir
270 3669 444 3734 widerumb
476 3669 624 3734 aweifuch
660 3668 800 3732 mischen
834 3669 898 3732 und
933 3668 1118 3733 schencken.
1161 3669 1220 3735 ,Ye

70 3778 198 3841 stoltzer
221 3777 285 3839 und
308 3776 523 3860 hocht'ertiger
547 3778 592 3840 sie
615 3755 769 3861 genesen,
791 3775 857 3839 und
881 3798 920 3860 ye
935 3779 1078 3860 griissere
1093 3773 1220 3837 wollust

69 3881 110 3946 sie
132 3883 257 3967 ghapt,
295 3904 334 3966 ye
361 3887 525 3966 grdsseren
557 3881 752 3945 schmertzen
785 3880 914 3944 urbllent
944 3881 973 3944 ir
1004 3879 1128 3944 anthlia
1159 3881 1217 3943 etc.

71 3986 195 4052 Darauss
219 3988 303 4050 dann
327 3986 494 4071 gewisslich
517 3987 583 4049 und
607 3984 926 4069 onwidersprechlich
947 3989 986 4050 zu
1008 3982 1217 4049 beschliessen

71 4091 119 4169 ist,
143 4092 200 4155 das
224 4091 279 4155 der
301 4090 492 4169 Endchrist,
527 4091 581 4155 der
610 4091 839 4175 widerwertige
864 4090 976 4167 Golia,
1012 4089 1110 4154 fallen
1135 4089 1218 4165 1111111,

71 4197 151 4261 deun
168 4196 232 4262 Get
254 4197 326 4260 hats
345 4197 465 4280 geredt,
490 4196 539 4259 die
562 4196 716 4260 schriften
739 4196 803 4259 und
828 4194 1028 4279 prophecien,
1051 4194 1111 4256 mit
1135 4193 1219 4258 allen

71 4301 139 4381 iren
161 4302 381 4378 umbstenden,
405 4301 468 4364 und
485 4302 630 4385 zeychen,
655 4301 824 4366 schliessen
841 4299 1023 4386 eygentlich
1040 4300 1108 4363 auff
1120 4299 1219 4376 disan,

73 4408 134 4470 und
156 4406 281 4490 keynen
304 4406 450 4470 anderen.
