2850 5018
635 339 676 404 53

81 512 165 578 sumi
187 513 328 578 laborem
352 515 502 577 omnem?
548 511 639 585 Certe
672 535 736 577 non
770 511 864 576 aliter
889 515 1034 584 statuant
1064 535 1160 595 quarn
1182 516 1230 579 te·

77 639 163 682 mere
186 618 412 701 pontificatum
434 618 630 702 oppugnari,
667 619 721 702 qui
745 624 812 682 tam
835 617 932 682 denso
954 639 1070 703 aggere
1092 622 1125 682 01
1147 619 1231 684 vallo

75 723 119 787 sit
142 722 381 806 circumseptus.
416 723 480 788 Cur
501 723 587 787 enim
609 723 694 786 istud
711 744 776 786 non
791 723 956 807 cogitent?
992 721 1140 787 Pontifex
1162 723 1231 807 ipse

74 828 251 892 maximam
283 832 316 891 et
337 828 464 896 unicam
488 827 824 911 propemodumspem
848 827 881 891 in
905 849 941 892 eo
964 827 1102 911 positam
1125 827 1229 892 habet.
1353 876 1358 884 .

75 932 138 998 Sed
159 953 235 996 cum
259 931 298 995 ad
321 932 487 1015 scripturae
509 932 677 998 lectionem
699 931 861 1010 accedunt,
881 933 993 1005 ,vident
1016 933 1094 997 illud
1117 934 1231 1016 ipsum,

80 1059 141 1121 quo
164 1039 359 1120 torquentur
382 1041 413 1101 et
438 1039 562 1100 tantum
586 1057 650 1100 non
673 1036 905 1115 exanimantur,
929 1060 995 1103 esse
1011 1039 1170 1123 depictum
1186 1037 1232 1102 ibi

78 1141 165 1212 velut
188 1142 223 1205 in
246 1141 366 1218 tabula,
390 1141 443 1205 sed
466 1142 512 1206 ita
534 1141 704 1225 depictum,
727 1147 763 1205 ut
785 1163 857 1206 cum
880 1144 913 1206 in
937 1144 1065 1208 exordio
1085 1143 1168 1207 nihil
1183 1142 1230 1206 ri-

76 1249 184 1326 deant,
208 1251 324 1330 praeter
347 1246 480 1312 ferratas
502 1247 598 1325 acies,
622 1251 804 1325 centauros,
827 1248 952 1327 leones,
975 1248 1128 1334 gryphes,
1163 1246 1231 1311 chi-

75 1374 202 1432 ,maerss
224 1353 334 1437 ignem
358 1353 434 1418 totis
456 1353 586 1423 naribus
609 1375 645 1418 ac
667 1353 811 1418 faucibus
833 1337 977 1419 efflantes
1000 1353 1167 1430 dracones,
1190 1352 1230 1418 ad
1263 1362 1266 1367 '

80 1462 257 1524 extremum
278 1457 541 1539 animadvertant,
566 1459 772 1538 haecomnia,
800 1459 921 1524 caelitus
944 1459 1072 1542 delapsa
1093 1457 1231 1535 flamma,

76 1564 185 1629 subito
209 1563 369 1641 consumi·
386 1564 431 1629 010
453 1569 489 1628 111
511 1587 552 1628 ne
573 1565 717 1649 reliquiae
740 1566 865 1655 quidem
882 1565 955 1629 ullae
971 1562 1141 1647 supersint.
1173 1560 1232 1626 Vi·

79 1670 156 1735 dent
179 1670 265 1734 enim
288 1691 353 1733 non
376 1670 523 1735 defutura
546 1671 672 1753 quidem
689 1671 833 1736 Romano
849 1670 993 1756 pontifici
1008 1690 1119 1755 regum
1141 1666 1231 1731 auxi·

76 1776 131 1854 111,
157 1774 215 1840 sed
236 1773 297 1838 hoc
318 1779 471 1858 praeterea
492 1775 611 1853 vident,
634 1775 790 1854 futurum,
813 1781 868 1854 111,
903 1797 966 1861 quo
987 1773 1154 1838 sublimius
1176 1772 1232 1836 ille

77 1878 275 1956 conscendit,
298 1901 334 1943 eo
357 1879 485 1963 gravius
508 1885 540 1944 et
562 1881 768 1963 periculosius
784 1882 930 1960 decidat,
963 1885 996 1945 et
1018 1901 1080 1963 quo
1103 1877 1231 1961 majori-

76 1985 138 2049 bus
161 1984 281 2049 nititur
301 2006 415 2069 regum
437 1986 613 2069 presidiis,
648 2009 684 2051 eo
716 1988 932 2052 vehementius
964 1984 1171 2050 conturbetur
1197 1983 1232 2047 in

76 2090 198 2167 animo,
222 2090 366 2173 quand0‚
390 2093 611 2176 progrediente
634 2097 786 2176 perpetuo
809 2094 858 2158 ira
879 2092 938 2157 Dei
963 2095 996 2156 et
1016 2088 1119 2174 magis
1142 2087 1232 2152 ebul-

77 2194 194 2273 liente,
226 2194 387 2279 principes
409 2197 459 2262 vel
481 2220 545 2262 non
568 2201 722 2282 poterunt
743 2200 793 2263 vel
816 2200 913 2264 etiam
935 2196 1132 2281 temporibus
1154 2194 1231 2277 ipsis

78 2298 198 2362 mutati
221 2299 340 2363 nolent·
355 2300 384 2362 ei
404 2302 604 2385 praecipitato
626 2307 659 2367 01
681 2306 820 2368 extreme
842 2303 1001 2368 laboranti
1023 2322 1115 2384 opem
1139 2299 1232 2375 ferre,

78 2403 218 2486 quando,
244 2403 415 2470 destitutus
436 2410 468 2470 et
483 2406 659 2473 denudatus
674 2409 760 2472 omni
778 2408 918 2473 humano
933 2407 1088 2492 0110011110,
1112 2402 1233 2468 videbit

79 2509 161 2573 iram
174 2508 236 2572 Dei
251 2512 363 2574 contra
377 2533 410 2575 se
421 2534 550 2594 prorsus
562 2514 801 2593 inflammatam,
816 2517 943 2598 quando
953 2511 1134 2596 Tisiphone,
1151 2510 1233 2573 sicut

80 2617 129 2678 est
151 2612 237 2696 apud
259 2619 376 2697 poetas,
415 2617 569 2682 furiarum
593 2620 755 2699 ministra,
778 2622 878 2705 ipsius
901 2621 998 2704 capiti
1020 2617 1235 2702 sem[Dij]per

80 2720 253 2784 imminens
267 2725 421 2806 perpetuo
436 2723 562 2809 flagello
578 2726 802 2791 conscientiam
824 2725 1000 2812 exagitabit
1021 2744 1078 2788 nec
1093 2722 1232 2807 quietam

80 2847 146 2890 esse
168 2826 344 2910 permittet.
391 2827 593 2894 Horrendum
617 2836 664 2895 est
686 2832 844 2915 profecto,
877 2830 1036 2896 concitare
1058 2829 1139 2893 iram
1162 2825 1232 2903 Dei,

80 2930 319 3014 desperatorum
354 2937 402 2998 est
435 2938 562 3013 autem,
598 2958 669 3000 cum
704 2937 743 3001 ad
756 2994 760 3000 .
773 2936 996 3020 poenitentiam
1027 2956 1085 2998 nos
1116 2932 1232 2996 invitat
1352 2947 1354 2951 ’

82 3034 175 3113 Deus,
201 3057 266 3100 non
290 3059 459 3122 agnoscere
481 3062 587 3105 vocem
610 3043 676 3125 ejus
699 3047 732 3107 et
746 3064 886 3119 manum,
911 3063 947 3106 ac
962 3040 1159 3123 impietatem
1174 3058 1232 3100 au·

80 3163 152 3226 gere
174 3141 393 3225 blasphemiis.
428 3144 532 3210 Tanta
547 3147 632 3212 enim
654 3152 703 3212 est
725 3147 784 3213 Dei
809 3147 909 3232 patris
932 3167 1007 3230 erga
1029 3165 1086 3209 nos
1108 3141 1232 3206 miseri·

80 3247 186 3311 cordia
209 3251 241 3311 et
263 3248 394 3326 caritas,
428 3253 472 3314 ut
487 3252 691 3332 quantumvis
714 3252 907 3317 facinorosos
930 3256 962 3316 01
984 3250 1099 3333 impios
1122 3237 1232 3311 multis

81 3357 112 3416 et
133 3352 229 3416 claris
253 3353 378 3417 indiciis
400 3357 495 3438 atque
517 3355 618 3440 signis
646 3358 685 3421 ad
715 3358 939 3441 poenitentiam
971 3359 1061 3421 vocet
1091 3376 1128 3419 ac
1158 3354 1233 3417 vitae

81 3458 342 3524 emendationem.
396 3458 599 3525 Acerbiorem
634 3467 666 3527 et
697 3464 912 3528 nocentiorem
946 3462 1070 3526 hostem
1104 3448 1234 3524 00010011

81 3565 199 3629 Christi
224 3564 277 3629 vix
300 3564 414 3630 habuit
437 3566 537 3631 ullum
560 3590 656 3651 quam
676 3570 868 3652 pontificem,
892 3567 1031 3652 spatium
1046 3571 1153 3630 tamen
1168 3563 1233 3628 lar·

81 3671 168 3755 gitur
191 3670 221 3734 ei
244 3668 329 3735 Deus
352 3671 517 3749 0101111111,
541 3674 700 3738 ut-scelus
723 3677 883 3759 agnoscat,
908 3677 944 3738 ut
959 3673 1085 3738 veniam
1100 3667 1233 3753 supplex

81 3779 168 3859 petat
192 3778 225 3839 et
247 3776 285 3840 de
306 3775 411 3840 officio
434 3768 489 3841 suo
512 3779 640 3863 cogitet.

83 3879 168 3945 Anni
193 3884 269 3945 sunt
290 3882 408 3967 viginti
431 3883 589 3966 quinque,
613 3888 702 3949 0100
725 3885 816 3969 plus,
840 3906 903 3969 quo
927 3883 1068 3968 primum
1091 3883 1233 3964 tempore

647 4003 665 4042 0

148 4089 221 4172 [33]
240 4087 282 4151 Es
299 4089 387 4154 seind
405 4112 470 4154 nun
487 4091 641 4177 zwentzig
653 4143 655 4147 ,
661 4092 711 4175 jar
733 4094 799 4157 und
822 4087 964 4170 11111101,
990 4091 1044 4155 das
1065 4111 1141 4154 man
1164 4089 1207 4151 im
1223 4086 1233 4123 ¹

84 4192 723 4262 11001111111111100111110111110011011.
769 4198 843 4262 Wie
874 4197 919 4261 vil
947 4196 1143 4272 schreibens‚
1174 4193 1233 4257 wie

152 4421 165 4475 1
185 4375 541 4493 111111111111111).
