2850 5018
607 373 673 433 105

53 548 267 624 constituere,
302 550 339 609 ut
361 543 585 629 profligaretur
609 542 759 626 quicquid
783 544 830 606 est
852 541 886 604 in
910 563 946 605 ea
978 539 1146 617 vitiosum,
1181 540 1214 604 et

54 652 238 740 Gerlmania
261 653 368 717 laetum
392 654 592 734 recuperaret
615 670 651 713 ac
674 649 763 732 pium
786 648 899 724 otium,
923 669 985 731 quo
1000 648 1084 712 certe
1098 644 1213 730 religio

54 766 85 825 et
108 759 228 824 scholae
251 781 357 823 carere
380 778 443 820 non
467 759 609 839 possunt.

54 865 218 948 Dirempti
242 885 351 929 sumus
375 887 394 928 a
415 863 505 927 vobis
528 867 560 927 et
583 862 710 945 alpibus
734 866 766 926 et
796 861 896 938 mari,
931 860 1013 924 nihil
1044 859 1128 944 apud
1156 879 1212 922 vos

54 971 260 1046 affectamus3
296 970 380 1033 idem
411 971 448 1032 ut
470 990 524 1031 vos
555 990 679 1051 quoque
710 967 849 1031 vicissim
880 966 963 1048 apud
997 986 1055 1028 nos
1078 964 1212 1040 faciatis,

56 1097 182 1158 aequum
206 1078 264 1138 est.
311 1075 480 1139 Precamur
511 1074 600 1138 vobis
631 1074 739 1137 omnia
770 1094 922 1156 prospera
951 1076 983 1135 et
1012 1071 1119 1148 salva,
1153 1069 1213 1134 hoo

56 1186 104 1243 est
125 1201 238 1243 sanam
261 1183 417 1255 mentem3
442 1202 461 1243 a
485 1180 572 1243 vobis
595 1179 726 1243 interim
748 1177 897 1262 petimus,
922 1197 961 1240 ne
985 1178 1129 1239 nostrum
1153 1173 1212 1238 hoc

55 1290 121 1349 tam
144 1284 360 1348 necessarium
391 1288 423 1348 et
453 1284 542 1367 pium
574 1285 759 1349 institutum
794 1282 982 1365 impediatis.
1028 1279 1116 1344 Adeo
1147 1300 1211 1342 non

58 1391 104 1452 est
125 1389 359 1454 contemnenda
381 1388 561 1467 Germania,
585 1395 622 1454 ut
645 1390 729 1454 inter
752 1410 861 1454 omnes
883 1386 979 1451 etiam
1003 1386 1135 1470 populos
1158 1386 1209 1448 in-

56 1495 179 1579 signem
205 1500 237 1558 et
260 1496 426 1559 honestum
449 1495 593 1559 obtineat
615 1495 727 1560 locum.
775 1493 850 1559 Non
881 1493 1014 1576 potestis
1041 1491 1100 1554 hoc
1122 1489 1211 1552 vobis

56 1622 228 1684 arrogare,
264 1600 356 1683 quasi
385 1601 485 1684 major
515 1601 558 1665 sit
589 1601 621 1664 iu
652 1601 740 1665 vobis
770 1600 819 1664 vel
843 1621 950 1663 rerum·
971 1596 1140 1680 prudentia
1161 1593 1211 1658 vel

59 1705 197 1769 eruditio
222 1705 270 1768 vel
294 1706 368 1770 vitae
391 1707 601 1771 sanctimonia
623 1712 656 1771 et
678 1708 857 1792 integritas,
906 1703 1024 1781 Quodsi
1047 1723 1119 1779 vos,
1151 1723 1211 1763 nu·

56 1832 142 1874 mero
168 1811 363 1894 paucissimi,
386 1813 537 1895 potuistis
560 1813 694 1877 antehac
717 1814 830 1891 videre,
857 1808 1120 1895 quemadmodum
1143 1828 1211 1870 mo-

57 1917 206 1981 derandae
230 1923 334 1981 essent
355 1940 464 1982 omnes
495 1941 551 2002 per
573 1918 733 2001 Europam
763 1916 951 2002 provinciae,
986 1913 1062 1997 quid
1094 1912 1210 1992 obstat,

57 2023 229 2104 quominus
252 2022 348 2087 etiam
371 2045 437 2102 nos,
462 2046 594 2088 numero
610 2025 796 2108 superiores,
820 2022 966 2087 doctrina
981 2041 1054 2083 vero
1070 2021 1101 2082 et
1116 2017 1211 2080 recti-

58 2129 169 2192 tudine
189 2129 302 2212 judicii
327 2130 415 2193 vobis
438 2152 504 2193 non
527 2130 702 2208 inferiores,
726 2129 888 2194 videamus
911 2150 963 2205 ea,
991 2147 1060 2210 quae
1082 2127 1149 2187 tam
1173 2122 1211 2187 ad

59 2231 192 2295 salutem
210 2238 362 2312 nostram,
380 2235 530 2318 quemad
547 2234 725 2299 Germaniae
741 2233 1009 2318 tranquillitatem
1025 2229 1212 2315 pertinent?

59 2338 235 2420 prasertim
258 2361 328 2403 cum
352 2339 425 2418 vos,
458 2340 591 2424 privatis
614 2344 741 2405 tantum
764 2340 861 2405 vestri
885 2343 1013 2403 senatus
1037 2341 1069 2401 et
1091 2334 1211 2400 ordinis

629 2464 646 2501 ss

60 2548 131 2627 lere,
155 2551 222 2613 und
245 2550 408 2614 heuohelei
431 2573 500 2637 weg
523 2553 753 2636 ge[67]n0men
770 2551 867 2627 wiird,
891 2549 957 2613 und
976 2548 1035 2612 wir
1050 2547 1085 2609 in
1100 2567 1211 2631 eynem

60 2654 295 2719 freundtlichen
318 2654 420 2733 leben,
444 2677 486 2719 ou
509 2657 601 2741 krieg
623 2658 688 2720 und
712 2656 823 2720 aufrrtr
846 2653 992 2718 mlichten
1016 2652 1131 2716 leben?

144 2760 219 2824 Wir
249 2761 377 2825 wissens
408 2761 556 2845 gemacht
572 2763 590 2828 ¹.
644 2762 708 2825 Das
742 2761 855 2846 gebirg
883 2757 1033 2841 scheydet
1065 2778 1148 2834 uns,
1184 2756 1211 2819 ir

60 2865 176 2930 habent
201 2866 252 2928 ein
277 2866 398 2930 andern
421 2866 501 2942 luft,
524 2867 575 2930 eiu
600 2867 697 2930 ander
719 2861 837 2951 gemit.
882 2863 954 2928 Wir
977 2871 1106 2948 glinnen
1131 2859 1209 2924 euch

60 2970 101 3034 als
124 2974 218 3055 grite,
251 2970 354 3054 alleyn
386 2972 570 3036 rerhindert
592 2994 651 3036 uns
674 2973 723 3036 nit
746 2995 786 3036 an
811 2992 956 3034 unserem
984 2968 1115 3033 erbaren
1139 2966 1207 3029 rur-

60 3097 179 3140 nemen.
214 3074 248 3138 Ir
269 3075 414 3140 khnnent
436 3077 580 3141 villeicht
602 3079 716 3142 sonder
739 3100 808 3155 uns,
833 3076 897 3139 und
915 3075 972 3138 wir
994 3073 1107 3137 sonder
1131 3071 1210 3136 euch

60 3182 115 3244 wol
133 3182 236 3245 leben.
268 3180 429 3259 Daneben,
453 3204 489 3246 so
511 3183 554 3246 ist
577 3205 689 3247 unsere
706 3183 827 3248 Nation
850 3181 942 3245 nicht
964 3179 1015 3243 die
1037 3178 1210 3264 geringste,

59 3287 171 3350 sonder
194 3285 245 3349 die
267 3287 477 3372 gewaltigste,
502 3289 629 3372 heutigs
653 3291 725 3372 tags
749 3289 848 3352 under
871 3286 955 3350 allen
979 3285 1136 3360 anderen,
1160 3278 1211 3346 ihr

59 3389 178 3455 habent
201 3413 240 3475 ye
262 3391 364 3475 heyne
388 3391 445 3478 fug
468 3393 551 3457 noch
574 3393 679 3477 grund
703 3414 763 3456 uns
786 3395 825 3457 zei
855 3391 1061 3467 verweissen,
1096 3390 1150 3465 das
1183 3388 1213 3450 ir

58 3494 191 3572 fromer,
227 3494 485 3581 Gotsforchtiger
507 3497 571 3560 und
595 3497 731 3582 gelerter
756 3497 863 3575 seind,
897 3498 981 3562 daun
1005 3496 1064 3560 wir
1085 3495 1210 3558 andere.

59 3599 211 3665 Kdnnent
234 3600 272 3678 ir,
300 3623 416 3665 ewerer
438 3606 519 3666 etwa
541 3602 675 3687 dreissig
698 3602 772 3665 oder
795 3602 928 3686 viertzig
951 3601 1122 3687 begreiffen
1146 3599 1212 3663 und

58 3705 246 3782 schliessen,
279 3728 343 3770 was
365 3711 461 3792 ganta
485 3706 600 3771 ltalien
625 3707 736 3789 (ewere
760 3707 912 3791 wonung)
933 3707 967 3789 ja
988 3706 1138 3769 hiebevor
1161 3704 1211 3769 die

57 3815 172 3895 gantae
195 3811 278 3889 welt,
304 3807 441 3896 glauben
459 3814 523 3876 und
538 3812 649 3877 halten
666 3812 738 3888 solt,
762 3812 903 3875 warumb
919 3813 1024 3875 solten·
1038 3811 1096 3874 wir
1111 3810 1212 3873 under

56 3938 126 3994 uns,
151 3916 191 3978 da
212 3916 359 3980 etliche²
381 3919 537 3996 hundert,
562 3919 704 3996 erbarer,
729 3918 874 4003 gelerter,
898 3917 1122 4003 aullgeleseuer
1144 3918 1211 3980 lent

55 4025 206 4117 adsamen
230 4023 354 4088 werden
377 4025 511 4102 lromen,
548 4026 596 4088 nit
625 4031 740 4109 m'ogen
764 4025 880 4101 seheri,
916 4045 980 4086 was
1003 4026 1042 4088 zei
1065 4042 1211 4086 unserem

54 4125 129 4211 heyl
153 4125 220 4189 und
249 4127 390 4206 wolfart,
426 4134 465 4195 zd
496 4152 590 4193 unser
612 4129 734 4195 Nation
768 4133 854 4193 rirwe
876 4130 942 4193 und
964 4129 1069 4192 friden
1093 4127 1209 4205 dienet,
1281 4194 1284 4203 ,

53 4231 170 4309 vorab,
194 4253 229 4295 so
254 4233 311 4296 wir
334 4235 383 4299 die
406 4235 520 4300 schrift
543 4258 599 4300 vor
622 4257 725 4321 eugen
748 4235 872 4313 haben,
896 4234 961 4297 und
984 4234 1034 4297 die
1058 4253 1210 4318 gemeyne

129 4460 143 4513 1
163 4458 295 4528 gemacht
313 4476 350 4514 on
369 4476 440 4515 ewer
458 4460 600 4530 nachteyl.
672 4463 689 4515 2
707 4459 745 4516 da
762 4462 837 4516 etwa
854 4459 920 4518 filnf
935 4458 1002 4517 oder
1021 4460 1097 4516 soche
1109 4499 1116 4515 .
1128 4498 1152 4516 ..
