2850 5018
654 317 692 379 21

97 490 309 556 ecelesiastici.
355 489 444 565 Quod
475 491 617 574 plerique
652 495 769 575 putant
798 477 873 555 ideo·
901 491 998 558 fnisse
1029 493 1247 572 constitutum,

95 602 132 662 ut
153 598 186 660 in
210 619 245 661 re
268 601 335 661 tam
359 597 447 682 gravi
479 601 510 660 et
534 599 632 661 ardua
654 597 768 680 reliqui
791 597 950 681 principes
975 598 1128 662 haberent
1149 600 1249 663 socios

95 708 126 767 et
148 702 310 788 collegae,
344 704 428 766 viros
464 704 642 767 eruditione
672 725 707 767 ac
736 704 810 767 vitae
841 704 1028 789 integritate
1051 709 1246 788 praestantes,

92 809 213 877 Verum
236 813 398 892 uteunque
421 811 472 892 sit,
496 814 618 874 certum
641 814 697 886 eat,
722 810 782 874 hoe
806 832 842 874 eo
858 810 978 874 laetum
994 811 1090 875 fuisse
1105 810 1247 887 consilio,

90 920 130 979 ut
152 918 360 997 potestatem,
384 937 480 998 quam
503 919 707 1000 arrogaverat
730 916 784 979 ille
807 916 867 979 sibi
893 917 925 979 in
950 917 1075 1001 imperii
1100 916 1246 1000 negotiis,

92 1021 153 1085 hac
173 1020 273 1085 etiam
296 1020 348 1085 via
370 1021 580 1085 confirmaret.
630 1022 719 1098 Quod
750 1021 855 1103 ipsum
891 1043 955 1084 non
979 1021 1073 1085 velim
1096 1021 1246 1105 intelligi,

97 1126 187 1210 qnasi
212 1126 350 1211 cogitem
381 1126 501 1208 aliquid
532 1127 697 1190 detrahere
729 1126 913 1191 auctoritati
937 1126 1118 1190 Electornm
1150 1126 1246 1199 eoele-

93 1227 367 1307 siastiaorum3.et
390 1234 426 1296 ut
450 1254 487 1295 ne
513 1231 584 1315 quis
607 1231 640 1295 in
661 1255 731 1296 eam
749 1234 870 1316 partem
888 1232 1125 1317 interpretetur,
1150 1231 1246 1296 etiam

92 1343 193 1421 atque
215 1339 308 1402 etiam
331 1360 418 1424 rogo.

95 1443 312 1508 Veruntamen
347 1445 539 1508 contendent
571 1445 624 1510 hie
653 1444 786 1509 fortasse
819 1444 967 1528 quidam,
1004 1448 1035 1507 et
1064 1442 1246 1527 pontificem

92 1549 273 1614 Romanurn
306 1549 385 1614 bene
421 1550 459 1614 de
495 1551 589 1615 nobis
627 1551 776 1614 meritum
815 1573 880 1614 esse
914 1549 1151 1633 praedicabunt,
1191 1549 1246 1631 qui

94 1657 159 1718 tam
196 1655 354 1720 illustrem
393 1655 569 1732 honorem,
618 1656 722 1738 qualis
760 1659 809 1720 est
845 1655 971 1739 imperii
1009 1654 1172 1739 dignitas,
1212 1654 1246 1718 in

91 1763 236 1824 nostram
270 1764 398 1846 gentem
432 1761 607 1839 invexerit,
648 1764 802 1844 quantum
834 1762 869 1825 in
901 1761 970 1845 ipso
1002 1759 1074 1823 fnit.
1134 1759 1246 1824 l‘ateor

91 1866 249 1949 equidem,
274 1869 307 1930 et
328 1887 404 1931 sane
427 1866 470 1929 sit
492 1865 766 1949 reprehendendus
781 1866 876 1930 homo
892 1865 1077 1943 Germanae,
1103 1865 1156 1948 qui
1180 1887 1246 1929 non

661 1988 678 2026 1

92 2076 167 2158 [12]
196 2074 253 2160 111
282 2078 359 2159 peut
389 2078 470 2140 estre
495 2079 672 2158 ¹qu'auouns
697 2076 897 2154 debattront,
923 2099 984 2160 que
1006 2077 1036 2140 le
1058 2076 1142 2160 Papo
1166 2099 1245 2141 nous

90 2205 110 2245 a
124 2180 187 2245 fait
198 2203 242 2244 un
255 2181 356 2267 grand
368 2182 451 2258 bien,
470 2182 642 2261 conferant,
666 2186 778 2246 autant
794 2185 887 2265 qu'en
903 2183 988 2266 luya
1004 2184 1078 2259 este,
1100 2185 1119 2244 1
1137 2185 1246 2245 nostre

90 2286 205 2350 nation
227 2309 271 2350 un
298 2288 454 2363 honneur,
469 2287 496 2350 si
520 2288 675 2351 excellent
698 2288 800 2370 qu'est
822 2287 853 2351 la
876 2288 999 2372 dignita
1023 2287 1060 2350 de
1082 2286 1243 2369 l'Empire.

89 2389 130 2455 Je
164 2391 304 2456 confesse
334 2393 407 2456 bien
438 2392 521 2457 cela:
558 2414 610 2457 oar
641 2393 869 2457 certainement
904 2391 1084 2456 l'Alemand
1117 2392 1172 2474 qui
1205 2414 1245 2455 ne

89 2496 190 2561 seroit
212 2497 286 2560 bien
309 2497 372 2562 eise
392 2498 428 2562 de
455 2498 498 2561 tel
523 2499 622 2562 lustre
637 2502 669 2562 et
691 2497 917 2583 magnifieenoe
938 2521 978 2562 au
997 2520 1143 2562 eommun
1163 2499 1243 2581 pata,

89 2603 189 2669 seroit
211 2604 420 2689 grandement
442 2608 461 2668 a
484 2605 661 2688 reprendre.

659 2725 677 2764 1

89 2815 186 2897 [124]
218 2812 355 2896 Empero
377 2814 450 2897 aqui
473 2835 531 2896 por
555 2817 689 2878 ventura
712 2814 860 2899 alegaran
884 2838 904 2899 y
927 2815 1086 2898 porfiaran
1109 2817 1243 2901 algunos

89 2941 152 3004 que
168 2918 199 2982 al
220 2918 373 2983 Pontifioe
397 2919 541 2983 Romano
569 2940 672 2982 somos
696 2919 743 2982 los
765 2919 935 2983 Alemanes
965 2942 1003 2984 en
1027 2943 1102 3007 muy
1125 2923 1244 3006 grande

89 3025 289 3110 obligaoion,
313 3048 335 3109 y
355 3046 415 3108 que
437 3024 545 3088 hamos
568 3023 712 3088 recebido
736 3025 786 3088 del
809 3047 886 3108 muy
910 3024 1012 3088 buena
1035 3025 1121 3104 obra,
1151 3049 1242 3110 pnes·

90 3154 153 3218 que
176 3154 240 3195 una
262 3124 381 3195 honrra
402 3135 458 3194 tan
482 3129 611 3208 ilustre,
641 3129 715 3212 qual
739 3151 770 3194 es
793 3130 825 3194 la
849 3129 998 3214 dignidad
1020 3129 1069 3194 del
1093 3129 1242 3215 Imperi0,

88 3239 121 3302 la
143 3241 235 3301 traxo
258 3259 277 3300 a
298 3239 429 3300 nuestra
455 3235 586 3311 naaion,
611 3257 649 3298 en
674 3239 793 3319 quanto
817 3258 855 3299 en
879 3235 908 3299 el
930 3235 992 3299 fue.
1038 3235 1089 3300 Yo
1111 3237 1142 3300 lo
1163 3220 1243 3302 'aon-

87 3344 191 3422 fiesso,
219 3366 241 3428 y
263 3364 321 3427 por
344 3343 441 3406 eierto
464 3364 525 3424 que
547 3364 579 3405 es
603 3341 641 3404 da
663 3341 872 3424 reprehender
898 3345 930 3406 11
951 3341 1082 3406 hombre
1107 3341 1243 3408 Aleman

88 3469 151 3532 qne
175 3470 218 3511 no
247 3469 279 3512 se
308 3447 425 3532 huelga
449 3469 510 3531 que
535 3450 599 3511 este
626 3447 742 3526 honor,
771 3472 792 3532 y
817 3452 883 3512 esta
914 3452 971 3511 tan
1003 3449 1122 3534 grande
1154 3473 1242 3514 exee-

86 3554 192 3618 leneia
222 3554 259 3617 de
288 3549 375 3618 fama
405 3576 464 3637 aya
487 3553 600 3617 venido
623 3576 642 3617 a
664 3576 700 3617 su
725 3576 838 3618 eomun
861 3554 974 3638 patria.

658 3675 676 3713 ’l‘

87 3763 171 3828 aneh
186 3762 302 3826 hiemit
316 3762 373 3827 hat
388 3764 502 3828 wdllen
517 3764 708 3849 bestatigen.
745 3764 875 3828 Welehs
899 3765 950 3829 ich
972 3765 1051 3829 doch
1074 3769 1112 3830 111
1133 3765 1244 3855 keiner

87 3868 336 3952 verkleinerung
359 3869 436 3932 darn
459 3869 640 3933 lobliehen¹
666 3867 877 3933 Ohurftirsten
907 3870 973 3933 will
996 3871 1106 3955 geredt
1128 3869 1242 3949 haben,

88 3974 155 4038 imd
180 3974 224 4036 111
246 3973 350 4038 meina
373 3973 636 4059 underthenigste
666 3974 746 4052 bitt,
780 3997 854 4038 man
877 3976 968 4040 wdlla
991 3977 1068 4039 mira
1091 3976 1171 4041 auch
1194 3976 1243 4041 nit

90 4079 189 4144 dahin
214 4079 340 4143 deuten.
380 4078 488 4143 Allhie
503 4081 627 4144 werden
650 4080 870 4165 ongezweifelt
889 4080 1003 4145 etliehe
1025 4082 1097 4163 [13]
1120 4081 1164 4145 111
1187 4103 1241 4167 ge-

87 4186 250 4264 deneken,
285 4206 318 4250 11
350 4186 393 4248 111
418 4185 525 4263 recht,
560 4187 624 4250 und
648 4187 772 4252 werden
796 4188 866 4252 dem
889 4186 1078 4252 Rdmisohen
1102 4186 1245 4252 Bisohoff

657 4325 672 4358 *

158 4416 171 4472 1
191 4410 414 4470 Hoohlobliehen
432 4411 620 4484 Geyatliehen.
