2850 5018
684 349 746 410 209

131 528 209 588 ante
231 523 388 588 indictum
412 521 452 586 ab
474 541 520 597 eo,
545 521 731 603 rejecerunt,
755 518 897 602 profecto
920 540 984 583 non
1007 523 1064 598 est,
1089 518 1172 602 quod
1188 518 1287 582 ullam

131 630 281 713 deinceps
304 650 433 715 operam
457 629 561 690 sumat
584 626 616 689 in
641 647 677 689 eo
693 625 903 703 convocando,
927 625 1087 707 quisquae
1103 626 1289 688 causatunc
1376 691 1378 696 ,

131 734 235 798 movit
258 733 325 818 ejus
348 731 553 809 adversarios,
577 735 613 795 ut
636 752 700 794 non
723 730 929 795 admitterent
952 729 1049 806 illud,
1072 729 1180 792 eadem
1204 751 1290 793 nunc

132 840 261 923 quoque
283 842 406 903 manet:
440 838 556 901 nolunt
586 835 672 900 enim
704 835 807 918 ipsum
830 835 913 900 ferre
932 834 1090 919 judicem,
1123 833 1175 896 sed
1199 855 1288 897 reum

130 946 235 1028 agunt
259 943 297 1008 de
320 942 517 1028 gravissimis
540 940 735 1007 criminibus.
767 939 823 1005 Sin
848 944 954 1004 autem
976 940 1046 1004 ideo
1069 939 1180 1015 tacuit,
1204 937 1288 1021 quod

132 1052 306 1127 metueret,
340 1071 381 1112 ne
412 1048 608 1132 temporibus
638 1045 715 1110 facti
746 1045 911 1130 peritiores
942 1045 1086 1109 homines
1120 1042 1289 1108 concilium

125 1155 262 1240 quidem
286 1154 449 1239 publicum
464 1174 530 1218 non
546 1156 736 1230 recusarent,
761 1152 814 1216 sed
829 1152 933 1236 ipsum
949 1173 965 1216 e
981 1151 1060 1214 solio
1076 1148 1288 1224 detraherent,

132 1265 167 1325 et
189 1259 441 1324 accusationibus
472 1260 622 1343 cogerent
651 1256 859 1340 respondere,
893 1256 956 1336 iam
987 1259 1071 1320 certe
1104 1255 1208 1338 palam
1232 1256 1289 1332 est,

131 1352 325 1450 figmentum
348 1364 443 1440 etiam
467 1364 546 1428 illud
568 1363 665 1427 fuisse
688 1365 721 1426 et
743 1361 927 1438 ludibrium,
940 1361 1035 1445 ·quod
1058 1363 1152 1424 antea
1174 1380 1239 1443 prae
1258 1379 1291 1422 66

132 1469 265 1549 tulerat,
289 1470 428 1552 adeoque
451 1470 559 1554 colligi
581 1471 687 1552 potest
709 1490 747 1532 ex
770 1489 806 1532 eo
829 1466 991 1545 facillime,
1019 1487 1183 1550 nunquam
1206 1464 1290 1547 ipsos
1384 1446 1389 1456 ’

133 1575 174 1639 (16
194 1575 329 1641 concilio
343 1576 481 1660 cogitare
497 1597 536 1640 ex
554 1574 669 1651 animo,
691 1572 745 1637 sed
763 1572 917 1656 speculari
934 1573 1037 1637 solum
1055 1570 1207 1655 temporis
1222 1589 1290 1632 mo-

135 1685 257 1758 menta,
274 1684 306 1744 et
317 1683 388 1745 tum
398 1681 523 1745 demum
533 1679 635 1744 facere
646 1677 772 1742 concilii
784 1677 987 1754 mentionem,
1004 1697 1040 1740 ac
1050 1697 1139 1758 spem
1151 1675 1292 1758 aliquam

131 1785 310 1864 ostendere,
335 1786 460 1870 quando
482 1785 591 1848 vident
613 1783 744 1848 omnino
767 1783 836 1846 fieri
851 1803 914 1846 non
932 1803 1033 1865 posse,
1056 1779 1175 1863 uusij]
1191 1783 1288 1844 coeat.

135 1892 215 1969 Quae
237 1891 301 1956 fuit
323 1892 408 1957 enim
432 1891 495 1954 alia
516 1912 627 1967 causa,
658 1889 740 1972 quod
764 1891 838 1952 ante
860 1887 1026 1952 biennium
1049 1887 1132 1970 apud
1156 1885 1290 1948 Triden-

134 1999 222 2062 tinos
247 1997 326 2062 illud
350 1997 421 2082 cogi
444 1996 554 2075 voluit,
580 1995 642 2059 nisi
665 1994 748 2078 quod
771 1993 929 2077 ipsissimo
952 1996 1103 2074 tempore,
1128 2011 1190 2074 quo
1214 2010 1289 2055 con·

135 2101 267 2187 scripsit
288 2101 380 2181 illud,
402 2101 530 2166 videbat
544 2101 629 2166 inter
645 2104 677 2165 te
692 2099 867 2182 Galliaeque
889 2120 997 2184 regern
1020 2098 1128 2162 omnia
1150 2099 1293 2180 spectare

708 2239 725 2277 *

139 2347 233 2429 [140]
257 2347 367 2425 Quelle
390 2351 479 2412 autre
502 2367 593 2411 cause
616 2346 674 2410 a·il
698 2367 736 2410 eu
761 2318 876 2410 devant
897 2344 978 2408 deux
1000 2365 1057 2408 ans
1073 2343 1110 2406 de
1126 2342 1294 2426 l'assigner

139 2455 158 2516 6
180 2453 310 2532 Trente,
335 2455 427 2518 sinon
449 2455 544 2538 qu'au
566 2474 683 2517 mesme
705 2457 810 2534 temps
833 2450 911 2533 qu'il
934 2451 963 2514 16
982 2448 1128 2532 publicit,
1146 2446 1170 2510 il
1185 2446 1294 2530 voyoit

140 2563 337 2642 apertement
371 2581 431 2643 que
465 2560 503 2623 de
536 2562 641 2623 toutes
674 2580 747 2643 pars
781 2577 893 2642 guerre
928 2554 1109 2621 tresoruelle
1142 2551 1295 2617 s'ouvroit

710 2697 727 2735 >k

142 2802 263 2887 Porque
288 2825 348 2886 que
371 2807 442 2868 otra
464 2824 557 2868 causa
579 2803 609 2868 le
632 2803 751 2881 movio,
783 2825 850 2868 mas
881 2802 923 2866 ha
945 2824 985 2886 ya
1009 2802 1046 2864 de
1068 2801 1123 2865 dos
1146 2805 1241 2875 66166,
1276 2819 1295 2860 6

143 2929 200 2990 que
223 2908 315 2990 quiso
331 2929 391 2990 que
407 2931 438 2972 se
452 2909 593 2992 juntasse
609 2931 648 2973 en
665 2909 792 2986 Trent0,
817 2908 886 2972 sino
911 2929 971 2991 que
994 2929 1033 2970 en
1056 2905 1149 2989 aquel
1172 2899 1291 2967 niesnro

142 3012 274 3097 tiempo,
308 3035 347 3077 en
372 3036 432 3097 que
454 3013 486 3077 lo
509 3035 659 3093 convoco,
690 3036 769 3098 veya
791 3014 820 3077 61
843 3035 904 3098 que
926 3015 1015 3077 entre
1035 3013 1160 3074 vuestra
1184 3009 1294 3093 Mage-

715 3153 732 3191 ›l‹

144 3257 194 3322 das
219 3259 307 3323 scine
330 3259 521 3344 widerpart,
557 3259 631 3337 (166,
667 3281 729 3322 von
759 3259 803 3323 im
827 3257 1072 3344 ausgeschriben
1095 3254 1217 3319 Concili
1240 3276 1295 3339 gc-

144 3368 260 3450 wcgert
283 3365 348 3428 und
371 3365 602 3450 abgeschlagen
626 3365 698 3442 hat,
730 3386 764 3428 so
787 3365 862 3428 wirt
883 3387 916 3430 er
940 3362 1021 3426 noch
1044 3362 1104 3426 wol
1127 3361 1178 3424 ein
1201 3359 1296 3444 lange

144 3470 201 3533 zeit
222 3469 481 3554 stillsohweigen,
506 3469 569 3532 und
594 3470 648 3532 (166
665 3469 787 3534 Concili
803 3469 907 3532 lassen
923 3468 1080 3552 begrabcn
1099 3466 1183 3543 sein,
1203 3465 1296 3528 dweil

144 3575 226 3640 seine
248 3575 421 3658 widerpart
443 3575 521 3639 eben
551 3573 715 3638 derselben
747 3575 901 3659 meinung
934 3573 1014 3638 noch
1050 3573 1113 3650 ist,
1147 3569 1295 3648 nemlich,

144 3678 174 3743 in
197 3681 250 3746 ein
274 3680 362 3746 soloh
386 3680 581 3758 Concilium,
612 3681 671 3746 wie
694 3703 744 3746 666
767 3681 941 3765 gedenolret
963 3685 1001 3745 ab
1024 3679 1152 3756 holten,
1186 3680 1236 3741 nit
1259 3680 1297 3740 nd

144 3785 294 3871 willigen.
339 3785 516 3872 Schweiget
538 3810 571 3851 er
595 3787 669 3851 aber
692 3788 826 3851 darumb
849 3765 934 3865 still,
968 3786 1022 3849 das
1051 3807 1085 3848 er
1107 3783 1234 3860 fdroht,
1261 3804 1297 3845 66

145 3890 251 3956 mbcht
273 3894 354 3955 etwa
378 3893 430 3967 ein
453 3893 543 3958 recht
565 3893 737 3958 Christlioh
761 3891 883 3956 Concili
905 3890 1056 3976 gebalten
1086 3889 1229 3965 werden,
1263 3887 1296 3960 in

91 3982 93 3989 ¹
144 3995 291 4060 welchem
314 4018 348 4060 er
372 3997 431 4060 deu
454 3997 573 4062 richter
595 3999 660 4062 stul
683 3997 731 4061 nit
755 3997 894 4061 besitzen
917 3997 1041 4072 wilrde,
1075 4017 1109 4058 6ο
1139 3993 1298 4058 bekennet

146 4120 175 4164 er
195 4100 247 4184 ja,
278 4100 332 4164 das
356 4101 436 4166 auch
459 4102 526 4166 sein
550 4101 640 4186 vorig
664 4101 886 4166 ausschreiben
909 4101 961 4164 des
986 4098 1125 4177 Concili,
1162 4120 1224 4161 nur
1246 4096 1297 4160 ein

145 4203 244 4271 lenter
267 4209 341 4289 spot
362 4229 504 4291 geweseu
536 4208 599 4285 ist,
635 4208 700 4272 und
734 4208 788 4270 (166
819 4230 852 4270 66
884 4211 988 4288 sampt
1011 4205 1117 4269 seiuen
1142 4203 1296 4278 versarer,

146 4309 248 4374 nichts
272 4310 395 4387 anders,
420 4312 504 4375 daun
528 4312 583 4374 das
604 4312 706 4375 nimer
729 4311 803 4374 kein
827 4309 1002 4374 Concilium
1027 4309 1176 4399 gehalten
1202 4308 1296 4384 werd,
1392 4349 1395 4354 -

146 4415 255 4481 suchet
276 4415 342 4481 und
366 4415 502 4512 begeret.

189 4535 318 4580 6166666
1057 4515 1090 4570 14
