2850 5018
754 317 814 377 152

204 491 263 556 bus
285 491 425 574 ipsorum
448 488 565 554 litteris
589 489 645 553 abs
669 491 709 580 te·
722 487 838 551 leniter
870 508 1055 572 responsum
1082 487 1167 566 fuit,
1200 489 1284 554 velle
1315 494 1355 571 te,

205 597 405 680 maximeque
427 616 557 679 cupere,
581 594 746 657 dissidium
770 593 953 678 religionis,
989 598 1094 658 ortum
1118 594 1153 659 in
1176 594 1355 673 Germania,

203 724 410 786 componere,
445 722 510 764 non
533 701 564 764 vi
588 722 645 764 nec
667 698 785 777 armis,
820 721 929 763 vemm
961 700 1132 783 aequitate,
1168 699 1293 764 ratione
1322 723 1356 765 ac

204 807 433 883 benevolentia,
457 811 493 870 ut
516 806 575 870 hoc
598 810 683 869 certo
706 808 893 881 statuerent,
918 826 975 868 nec
990 805 1078 869 aliud
1094 803 1155 868 sibi
1172 809 1355 888 paterentur

204 912 394 996 persuaderi.
441 911 483 975 Et
505 912 551 974 ita
573 911 700 994 quidem
734 910 966 993 respondebas,
1001 932 1072 974 cum
1105 931 1188 974 esses
1221 911 1256 973 in
1285 931 1352 994 pro-

204 1015 319 1094 cinctu,
344 1017 442 1101 inque
457 1016 686 1081 Massiliensem
710 1015 907 1098 provinciam
931 1016 1104 1080 exercitum
1128 1015 1198 1100 ipse
1220 1015 1355 1096 duceres,

204 1121 351 1185 adversus
368 1121 480 1187 Galliae
503 1119 626 1207 reigem.
659 1121 716 1186 Cui
734 1142 804 1184 cum
821 1143 903 1185 esses
920 1121 1022 1185 denuo
1038 1124 1111 1204 post
1125 1119 1356 1198 reconciliatus,

203 1229 298 1311 atque
320 1228 475 1310 pontificii
498 1249 613 1292 novam
644 1226 704 1290 hoc
735 1226 804 1311 ipso
834 1227 997 1290 crederent
1027 1225 1089 1289 sibi
1119 1225 1260 1289 oblatam
1291 1246 1356 1289 9999

203 1331 249 1395 rei
271 1332 351 1396 bene
373 1333 518 1417 gerendae
550 1332 763 1408 occasionem,
798 1354 834 1397 ac
863 1333 965 1396 multa
996 1331 1125 1396 sinistre
1155 1330 1353 1407 molirentur,

205 1458 302 1520 caque
332 1437 444 1501 deinde
466 1442 582 1521 praeter
612 1437 754 1501 omnium
787 1438 1040 1522 expectationem
1071 1437 1194 1501 detecta
1226 1456 1355 1520 magnas

110 1549 112 1554 ’
203 1541 385 1608 viderentur
409 1544 584 1610 excitatura
606 1543 785 1621 seditiones,
810 1548 855 1621 tu,
880 1544 987 1608 missis
1002 1544 1042 1607 ab
1059 1541 1218 1626 Hispania
1232 1541 1354 1626 legatis,

772 1666 790 1706 s

207 1775 247 1816 nc
269 1753 365 1817 seioit
387 1753 524 1818 observe‘.
557 1753 585 1818 A
609 1777 658 1819 ces
681 1754 790 1820 lettres
814 1760 849 1819 tu
872 1756 910 1819 fis
933 1754 1092 1839 gratieusc
1114 1772 1275 1837 response,
1300 1773 1356 1836 que

203 1862 238 1922 tu
263 1859 383 1922 voulois
406 1863 438 1923 et
468 1859 599 1923 desirois
628 1860 838 1945 grandement
870 1859 1047 1944 d'appaiser
1079 1861 1110 1923 le
1141 1857 1292 1924 different
1322 1858 1356 1921 de

202 1964 234 2027 la
257 1962 405 2048 Religion
428 1986 566 2028 surrenu
589 1987 628 2028 en
650 1963 844 2051 Alemagne:
878 1969 910 2030 et
939 1987 973 2031 ce
1003 1988 1068 2030 non
1099 1988 1156 2049 par
1190 1985 1295 2028 armes
1318 1984 1355 2027 on

203 2069 360 2148 violence,
384 2071 453 2135 ains
477 2094 534 2155 par
556 2064 681 2155 equite,
715 2072 822 2136 raison
845 2075 878 2135 et
900 2071 1125 2137 benevolence:
1161 2069 1257 2155 qu'ils
1281 2070 1354 2133 s'as·

203 2180 383 2240 serrassent
414 2176 450 2240 de
481 2176 568 2254 cela,
603 2199 676 2241 sans
705 2198 738 2241 99
761 2177 871 2242 laisser
894 2182 1010 2242 mettre
1032 2181 1122 2243 autre
1145 2175 1241 2241 chose
1265 2174 1355 2240 enla

202 2279 346 2345 fantasie.
393 2282 442 2346 Tu
476 2283 659 2366 respondois
694 2305 732 2347 en
763 2286 846 2347 ceste
876 2287 961 2348 sorte
991 2283 1090 2348 adone
1121 2284 1239 2366 quatu
1263 2279 1355 2344 estois

203 2389 274 2452 tout
297 2387 442 2471 equippe,
466 2392 580 2472 etque
603 2389 781 2453 conduisois
804 2392 860 2453 ton
885 2390 988 2454 armde
1011 2412 1050 2453 en
1066 2388 1225 2452 Provence
1248 2390 1355 2452 contre

202 2490 232 2555 19
255 2490 325 2575 Ray
347 2491 385 2555 de
407 2491 535 2556 France.
583 2491 709 2576 Anquel
738 2496 845 2557 estant
872 2493 982 2578 depuis
1005 2492 1172 2558 reconcilia
1196 2492 1290 2575 (dont
1312 2491 1355 2555 199

202 2593 345 2677 Papistes
379 2603 554 2680 pensoyent
585 2596 672 2660 avoir
702 2597 806 2661 bonne
837 2596 979 2661 occasion
1011 2598 1048 2661 dc
1070 2596 1146 2660 bien
1168 2595 1249 2661 faire
1272 2596 1354 2660 leurs

202 2702 365 2784 besegnes,
388 2705 420 2764 et
443 2700 668 2785 machinoyent
691 2701 826 2765 maintes
849 2701 968 2780 choses,
991 2702 1156 2787 lesquelles
1175 2696 1285 2767 contre
1301 2701 1355 2766 l'o·

202 2806 313 2889 pinion
337 2807 374 2869 de
396 2810 468 2870 tous
491 2829 604 2871 venucs
627 2829 664 2871 cn
690 2808 803 2885 notice,
827 2808 1026 2893 sembloyent
1048 2807 1156 2872 devoir
1177 2809 1354 2893 engendrer

201 2912 363 2995 beaucoup
387 2912 424 2975 de
446 2911 611 2991 seditione)
628 2916 664 2976 tu
680 2935 816 2997 envoyas
832 2913 885 2977 des
902 2914 1138 2978 ambassadeurs
1154 2911 1353 3000 d'Espagne:

772 3035 789 3073 ’l‘

200 3123 285 3187 bona
308 3145 368 3206 que
391 3130 459 3187 esta
477 3123 571 3206 junto
593 3144 652 3187 con
676 3124 713 3186 91.
746 3123 773 3186 Α
797 3124 829 3188 la
851 3123 926 3207 qual
941 3127 1028 3188 carta
1044 3123 1214 3209 respondio
1229 3127 1356 3189 vuestra

203 3229 368 3315 Magastad
392 3251 451 3294 con
474 3229 548 3293 toda
577 3230 840 3307 mansedumbre,
876 3230 1039 3307 diziendo,
1075 3253 1136 3314 que
1168 3229 1301 3314 queris,
1334 3251 1355 3312 y

202 3335 348 3398 desseava
379 3357 453 3418 muy
482 3333 614 3412 much0,
649 3338 714 3398 este
747 3334 860 3397 disidio
890 3335 927 3397 de
950 3334 982 3399 la
1005 3326 1154 3420 Religion
1177 3332 1293 3398 nacido
1315 3355 1352 3396 en

202 3437 379 3518 Alemania‚
403 3440 604 3523 componerlo
626 3462 647 3524 y
668 3439 846 3523 pacificarlo
864 3462 904 3503 no
921 3461 978 3523 por
994 3438 1101 3526 fuerpa
1116 3438 1150 3503 ni
1166 3460 1226 3522 por
1241 3460 1354 3515 armas,

201 3544 272 3608 sino
294 3566 352 3608 con
377 3546 451 3609 toda
474 3544 617 3630 equidad,
642 3567 745 3622 razon,
768 3569 790 3629 y
812 3544 1049 3609 benevolencia:
1074 3569 1095 3629 y
1118 3565 1178 3628 que
1195 3543 1352 3608 tuviessen

201 3655 268 3713 esto
290 3672 348 3733 por
371 3654 446 3735 mu'y
469 3652 576 3728 ciert0,
600 3674 622 3734 y
644 3673 705 3733 que
728 3672 769 3714 no
791 3673 824 3715 99
840 3651 989 3715 derassen
1006 3649 1170 3734 persuadit
1186 3652 1258 3713 otra
1273 3670 1353 3714 cosa

202 3754 234 3818 Y
257 3755 344 3821 desta
368 3745 496 3820 manera
518 3757 687 3840 respondio
711 3760 837 3821 vuestra
860 3756 1036 3840 Magastad,
1060 3756 1191 3820 estando
1214 3753 1353 3831 armado,

202 3884 222 3945 y
246 3882 285 3924 en
308 3861 337 3925 91
360 3861 484 3924 camino
504 3863 541 3926 de
557 3862 714 3939 Mersella,
739 3883 797 3946 por
819 3862 921 3926 donde
943 3862 1065 3926 llevava
1089 3859 1296 3924 eneaminada
1318 3881 1353 3922 su

202 3968 338 4032 exercito
364 3971 475 4033 contra
497 3968 527 4032 el
556 3991 610 4053 rey
633 3970 670 4032 de
693 3968 837 4033 Francia.
884 3968 950 4033 Con
980 3967 1009 4032 el
1040 3966 1133 4050 qual,
1168 3986 1258 4029 como
1285 3969 1354 4029 otra

202 4094 255 4136 vez
278 4093 311 4136 99
334 4073 570 4150 reconciliasse,
606 4098 627 4158 y
650 4095 710 4157 que
740 4095 853 4157 creyau
883 4073 930 4136 los
954 4071 1098 4155 Papistas
1121 4091 1182 4153 que
1205 4091 1264 4133 con
1287 4089 1353 4133 esso

201 4199 234 4241 se
256 4178 301 4241 les
325 4180 452 4244 offrecia
483 4202 585 4243 nueva
615 4180 775 4257 occasion,
808 4202 886 4263 para
916 4178 1008 4242 harer
1032 4177 1105 4261 algo
1127 4175 1165 4239 de
1188 4175 1292 4240 bueno
1314 4195 1352 4237 en

201 4303 238 4345 su
261 4284 411 4367 negocio,
445 4308 467 4369 y
490 4306 550 4368 que
572 4307 613 4369 ya
635 4288 801 4349 tramavau
825 4285 864 4347 de
885 4287 1004 4348 secreto
1027 4304 1114 4347 cosas
1138 4280 1176 4344 de
1198 4279 1283 4344 mala
1305 4278 1350 4342 di-

201 4388 341 4473 gestion:
374 4389 421 4452 las
444 4389 552 4474 quales
576 4389 684 4454 aiendo
706 4390 838 4475 despues
859 4410 949 4454 como
972 4410 1031 4473 por
1052 4385 1210 4474 miraglo,
1246 4384 1349 4448 descu-
