2850 5018
691 325 752 390 123
868 282 871 287 ¹

131 502 164 564 et
188 503 361 583 conspectu
387 504 495 564 nostro
518 479 694 576 versantur,
718 498 967 582 obstupescimus
990 497 1029 562 ad
1051 498 1178 562 illorum
1202 519 1290 561 men·

132 606 267 681 tionem,
291 627 328 669 ao
352 606 493 669 divinum
516 605 636 689 aliquid
660 627 725 669 esse
748 608 905 688 putamus.
944 604 1077 668 Interim
1101 604 1219 668 habent
1242 603 1292 667 illi

132 731 219 785 suos,
244 711 279 772 in
305 709 475 775 Germania
498 711 683 793 praesertim,
708 709 902 786 defensores,
931 732 970 774 ex
993 710 1092 793 iisque
1115 709 1292 791 redemptos
1397 720 1400 724 ’

132 815 270 897 aliquot,
295 815 349 898 qui
373 816 532 898 quoniam,
556 815 589 879 in
606 815 666 880 hoc
682 820 773 880 tanto
789 816 955 899 splendore
970 816 1056 894 solis,
1081 815 1162 879 nihil
1186 814 1291 878 videre

134 922 272 996 volunt,
308 923 341 984 et
374 921 561 1004 pontificum
593 924 782 1003 potestatem
816 922 1114 987 immoderatissime
1147 920 1290 996 laudant,

136 1028 365 1093 conscientiam
387 1027 469 1091 haud
493 1027 587 1091 dubie
609 1050 698 1092 suam
721 1028 783 1111 ipsi
806 1029 983 1093 vulnerant.
1029 1025 1096 1092 Nec
1128 1026 1213 1091 eninr
1243 1027 1292 1089 est

136 1137 192 1196 aut
226 1132 424 1216 ignorationi
456 1133 603 1215 deinceps
637 1138 693 1197 aut
727 1133 921 1197 excusationi
956 1132 1052 1197 locus.
1107 1131 1134 1195 Ο
1167 1131 1291 1195 utinam

136 1238 256 1301 sentiat
272 1237 453 1316 Germania,
477 1243 629 1321 quantam
646 1239 803 1322 acceperit
825 1240 954 1329 plagam
978 1238 1018 1302 ab
1042 1237 1102 1301 isto
1126 1235 1291 1300 hominum

135 1343 264 1419 ordine,
297 1343 380 1426 quod
403 1366 440 1409 eo
464 1343 523 1427 [K]
547 1345 759 1409 miserabilius
782 1354 831 1410 est
853 1368 889 1410 ao
912 1344 1014 1429 magis
1044 1343 1198 1426 impium,
1229 1362 1292 1426 quo

135 1448 321 1512 sceleratius
345 1454 402 1526 est,
426 1450 511 1534 patri
534 1454 590 1514 aut
612 1450 706 1515 fratri
730 1451 794 1515 vim
817 1455 849 1515 et
874 1472 986 1514 manus
1009 1449 1145 1524 inferre,
1178 1451 1214 1510 ut
1236 1468 1291 1510 ex-

136 1557 267 1616 ternum
290 1557 322 1616 et
345 1554 494 1632 alienum,
519 1554 642 1619 hostem
665 1556 787 1639 patrica,
812 1556 976 1620 defendas!

224 1659 276 1724 Ad
300 1659 385 1723 hunc
406 1682 482 1745 ergo
505 1661 633 1725 modurn
656 1661 731 1745 quia
753 1683 787 1725 se
810 1683 859 1725 res
891 1661 1029 1738 habent,
1065 1658 1228 1743 Principes
1259 1660 1294 1722 et

138 1763 276 1829 Ordines
301 1764 484 1840 clarissimi,
517 1767 666 1849 quoniam
689 1766 847 1830 insiticius
878 1765 929 1830 hic
951 1770 1125 1849 tyrannus,
1160 1764 1214 1828 ille
1234 1765 1292 1841 eet,

139 1869 192 1952 qui
217 1869 307 1934 sedet
330 1870 362 1932 in
386 1870 505 1953 templo
528 1868 610 1945 Dei;
645 1871 698 1953 qui
722 1891 755 1933 se
777 1892 887 1953 passus
919 1873 981 1946 est,
1018 1869 1115 1932 immo
1137 1868 1238 1932 voluit
1260 1869 1293 1932 et

138 1976 245 2060 jussit,
270 1980 307 2039 ut
329 1998 447 2040 numen
470 1976 597 2059 aliquod
613 1976 673 2039 coli
688 1980 721 2040 et
736 1974 912 2053 ohservari3
938 1974 992 2058 qui
1008 1994 1125 2037 novum
1140 1971 1293 2036 doctrinar

141 2101 257 2164 genus,
280 2080 508 2164 prophetarum
531 2085 562 2146 et
584 2082 800 2165 apostolorum
824 2081 975 2146 doetrinae
998 2078 1220 2157 contrarium,
1237 2097 1292 2141 ex-

140 2185 310 2270 cogitavit,
344 2186 380 2251 in
409 2209 507 2270 eoque
530 2187 735 2252 foedissimam
760 2187 900 2251 exercuit
922 2184 1203 2257 nundinationem
1237 2180 1292 2264 qui

141 2293 330 2370 potestatem
354 2292 414 2356 sibi
438 2292 554 2370 sumit,
588 2314 652 2356 non
683 2292 786 2356 solum
809 2292 952 2355 homines
971 2289 1150 2373 judicandi,
1183 2308 1292 2350 verum

142 2393 223 2476 ipsas
248 2416 374 2480 quoquc
395 2397 568 2480 scripturas
598 2397 849 2482 interpretandi,
884 2393 1091 2478 detorquendi
1114 2397 1146 2457 et
1168 2412 1291 2456 accom-

144 2500 292 2564 modandi
316 2524 503 2587 quocunque
526 2505 603 2568 velit
626 2504 734 2580 rnodo;
767 2503 823 2587 qui
845 2500 1085 2567 matrimonium
1108 2498 1293 2563 institutum

708 2678 725 2718 ‘l‘

144 2817 206 2882 dise
230 2839 394 2902 meynung
417 2817 520 2882 haben
544 2820 616 2896 solt,
639 2819 698 2884 wie
713 2820 759 2884 sie
782 2819 916 2882 thiirreu
941 2840 1000 2882 von
1025 2817 1093 2881 sich
1116 2816 1291 2894 schreiben,

143 2924 245 2987 wurds
270 2944 311 2985 on
335 2923 396 2986 alle
419 2923 524 2987 mittel
548 2928 618 2989 niun
649 2925 772 3009 angriff
798 2924 956 2988 hommen.
1003 2922 1094 2986 Wolt
1117 2921 1201 2997 Got,
1237 2921 1292 2985 das

140 3028 308 3110 yederman
333 3028 429 3092 sehen
451 3029 557 3093 mdcht
580 3029 629 3093 die
652 3051 760 3113 grosse
783 3028 902 3093 sohand
925 3027 989 3090 und
1021 3027 1147 3109 injury,
1181 3048 1216 3089 so
1246 3025 1291 3089 sie

140 3133 192 3198 der
215 3138 352 3217 gantzen
375 3135 457 3211 welt,
482 3136 546 3198 und
564 3136 659 3199 vorab
676 3135 848 3199 Teutscher
864 3132 983 3197 Nation
1006 3131 1118 3196 hiemit
1141 3129 1291 3195 anthun‘?

140 3238 198 3303 Die
222 3238 359 3302 noturfft
381 3240 443 3302 und
469 3261 622 3324 gemeyue
645 3239 727 3316 sehr,
751 3239 868 3303 darinn
892 3237 951 3300 wir
965 3236 1102 3313 stehent,
1127 3234 1291 3313 erfordert,

140 3345 193 3409 das
216 3365 291 3408 man
316 3343 443 3408 solchen
466 3345 636 3429 predigern
660 3346 724 3408 und
741 3344 921 3408 schreibern
938 3343 989 3407 ein
1006 3343 1077 3406 mall
1094 3345 1184 3418 setze,
1209 3340 1293 3404 denn

138 3472 185 3514 wo
208 3449 254 3513 sie
277 3449 457 3533 vilgemelte
481 3448 671 3514 Conclusion
694 3450 813 3514 wolten
838 3447 1017 3512 verfechten
1042 3447 1107 3511 und
1130 3446 1292 3524 billichen,

138 3576 237 3638 weyss
261 3553 311 3616 nit
334 3554 391 3616 wie
422 3555 468 3616 sie
498 3553 567 3617 sich
598 3554 651 3617 des
682 3553 733 3617 bei
760 3553 917 3617 fronrmen
941 3553 1163 3616 ehrliebenden
1186 3553 1292 3616 lenten

137 3657 279 3742 mogen¹
302 3657 556 3741 entschuldigen,
579 3659 654 3722 oder
679 3658 759 3722 auch
781 3658 841 3722 mit
864 3657 961 3721 ehren
984 3655 1144 3723 bestehen.

228 3761 403 3847 Gnedigste
418 3764 482 3826 und
501 3761 643 3847 Gnedige
659 3763 793 3838 Horren,
816 3761 859 3825 Es
881 3761 1046 3825 versehent
1069 3761 1137 3824 sich
1159 3760 1202 3825 vil
1226 3759 1293 3824 fro·

136 3890 204 3932 mer
228 3869 306 3944 leut,
329 3869 395 3931 und
418 3868 578 3932 verhoffen
603 3866 894 3952 underthtiniglich,
919 3866 955 3930 E.
972 3866 1057 3931 Ohur
1072 3865 1137 3929 und
1154 3865 1188 3929 F.
1206 3864 1293 3929 Gna-

137 3974 198 4037 den
221 3973 351 4037 werden
380 3972 446 4036 sich
476 3973 509 4036 in
534 3974 792 4058 gegenwertigen
815 3971 996 4036 irthumben
1019 3972 1084 4035 und
1108 3971 1177 4055 [78]
1201 3970 1292 4034 awei-

136 4079 231 4161 spalt,
256 4077 290 4140 in
313 4099 485 4162 erwegung
508 4079 640 4142 er·zalter
664 4080 728 4142 und
758 4078 878 4141 andern
908 4077 998 4141 mehr
1027 4077 1165 4161 dingen,
1198 4074 1293 4138 deren

135 4184 172 4250 u
198 4181 285 4247 Ohur
308 4183 372 4246 und
397 4183 429 4247 F.
455 4182 586 4248 Gnadeu
611 4185 672 4248 auss
706 4183 820 4247 hohem
843 4183 1005 4248 verstandt
1028 4181 1096 4245 sich
1118 4179 1232 4244 crissen
1256 4183 1294 4246 zu

712 4322 727 4355 11

211 4410 226 4462 1
245 4410 341 4464 leuten
358 4408 449 4464 solten
467 4414 576 4480 mdgen.
