2850 5018
691 366 751 426 145

134 536 191 621 qui
212 536 283 620 jam
305 536 381 601 inde
402 537 533 601 fuerunt
556 538 597 601 ab
624 537 701 601 orbe
730 534 875 612 condito,
906 536 1001 621 louge
1032 537 1293 619 crudelissimum,

135 641 192 725 qni
216 662 277 705 nos
299 643 442 717 miseros,
467 642 500 704 in
524 645 698 705 extremam
722 640 905 705 servitutem
930 642 1082 718 redactos,
1108 663 1172 706 non
1191 644 1294 709 solnm

135 768 201 812 non
236 748 378 831 respexit
408 746 546 811 humane
579 768 681 828 neque
714 767 753 809 ex
782 745 847 808 illis
878 749 945 808 tam
974 746 1079 810 densis
1102 751 1134 811 et
1156 747 1295 812 horridis

137 853 328 936 opinionum
352 851 492 916 tenebris
514 851 649 934 eripuit,
673 871 782 914 rerum
809 849 915 926 etiam,
941 853 977 914 ut
999 852 1102 935 magis
1124 851 1293 938 affligeret,

136 957 172 1021 in
194 978 265 1022 rem
287 960 431 1020 nostram
452 955 643 1020 familiarem
667 959 699 1018 et
721 953 864 1031 arculas,
900 954 987 1018 velut
1019 955 1053 1018 in
1084 956 1238 1020 medullas
1261 963 1293 1022 et

139 1084 219 1140 ossa,
242 1062 394 1145 pervasit.
442 1059 536 1125 Oerto
559 1059 763 1124 statuendum
787 1066 834 1122 est
856 1059 966 1143 igitur,
989 1059 1086 1124 fuisse
1108 1059 1211 1126 Deum
1235 1061 1294 1127 hoc

138 1188 202 1231 uno
233 1167 351 1231 scelere
381 1164 583 1230 vehementer
612 1164 766 1227 offensum
801 1168 833 1227 et
863 1162 1158 1247 ir[Miij]ritatum‚
1194 1189 1296 1251 neque

136 1272 379 1356 permissurum,
403 1276 439 1334 ut
462 1269 512 1333 his
535 1269 722 1354 gigantibus
745 1268 778 1332 id
800 1269 930 1351 impune
954 1270 1087 1335 licuerit.
1122 1271 1189 1336 Nec
1207 1273 1292 1336 enim

136 1377 212 1441 ullis
236 1398 379 1459 unquam
402 1375 599 1457 temporibus
633 1375 715 1437 ferre
744 1373 851 1456 potuit
882 1373 1038 1437 idolerum
1062 1375 1174 1440 cultus.
1222 1376 1293 1442 Foe-

137 1482 260 1547 diorem
283 1486 391 1545 autem
414 1483 445 1542 et
468 1479 689 1542 immaniorem
713 1477 925 1542 idololatriam
949 1500 1037 1542 mens
1054 1479 1193 1545 humana
1209 1504 1294 1547 com·
1346 1504 1349 1510 ·

139 1585 336 1671 prehendere
359 1605 423 1649 non
446 1589 559 1667 potest.
606 1582 700 1646 Illam
724 1583 824 1666 igitur
856 1583 942 1647 ultus
972 1589 1020 1647 est
1051 1586 1199 1665 tandem,
1232 1609 1294 1670 quo

139 1693 282 1776 primum
304 1694 446 1772 tempore
461 1688 532 1767 tibi,
557 1686 677 1764 carole,
701 1685 859 1751 Caesareus
874 1687 973 1751 honos
989 1688 1114 1753 oblatus
1130 1696 1193 1767 est3
1216 1695 1293 1756 tuuc

140 1798 266 1862 demum
290 1797 329 1859 ad
352 1794 526 1860 vindictam
557 1793 617 1857 sibi
641 1792 823 1875 depoposcit
845 1794 1059 1858 adversarium
1082 1817 1173 1860 suum
1197 1796 1292 1876 Deus,

139 1923 275 1984 eumque
297 1923 355 1965 sua
377 1901 497 1964 invicta
519 1921 615 1963 manu
638 1898 683 1962 sie
706 1899 906 1977 constrinxit,
930 1903 966 1963 ut
989 1900 1071 1964 elabi
1095 1923 1157 1966 non
1181 1904 1290 1986 possit.

227 2006 409 2072 Gubernari
443 2009 548 2068 autem
571 2026 589 2067 a
611 2002 678 2067 Deo
707 2004 870 2088 negotium
901 2004 1006 2083 istud,
1040 2007 1142 2071 multo
1177 2008 1299 2072 clarius*

140 2135 223 2178 nuno
253 2112 352 2175 videri
375 2115 480 2195 potest
502 2130 597 2192 quam
618 2113 722 2186 antea,
745 2113 876 2192 propter
899 2131 955 2187 ea,
991 2132 1060 2193 quae
1090 2112 1235 2178 novimus
1258 2115 1292 2178 in

142 2219 224 2284 hane
248 2239 375 2283 causam
397 2215 554 2280 incidisse.

142 2324 283 2390 Maxima
306 2322 508 2387 contentione
531 2318 669 2402 totisque
686 2318 806 2382 viribus
822 2318 998 2384 doctrinam
1026 2319 1108 2386 hanc
1131 2322 1294 2391 Romanus

141 2429 285 2517 pontifex
308 2430 348 2493 ab
371 2428 465 2492 initio
488 2426 598 2490 statim
621 2424 846 2510 oppugnabat,
878 2424 953 2507 quia
987 2427 1180 2508 praevidebat
1204 2430 1293 2496 lucu·

713 2548 730 2586 ’l

140 2663 208 2706 mus
231 2661 309 2704 man
331 2636 524 2723 gedeneken‚
547 2637 611 2700 und
634 2635 796 2720 gewislich
820 2630 912 2700 dafdr
926 2636 1046 2713 halten
1071 2641 1125 2702 das
1143 2638 1206 2704 Got
1221 2665 1292 2706 zum

141 2746 294 2811 hochsten
317 2743 472 2807 dardurch
495 2746 641 2806 erniirnet
662 2742 715 2818 ist,
739 2743 805 2806 und
821 2743 876 2806 das
892 2765 926 2806 er
943 2744 993 2808 die
1008 2743 1157 2809 ursdeher
1172 2747 1295 2812 soleher

140 2872 324 2938 gransamer
346 2849 411 2912 und
442 2847 708 2913 erschreeklicher
732 2847 978 2932 Abgbttereien,
1010 2851 1196 2934 vervolgen‚
1228 2854 1294 2917 und

141 2961 176 3023 ad
198 2957 251 3040 [9]
276 2954 434 3019 schanden
458 2953 590 3017 machon
615 2953 695 3029 with,
720 2954 779 3017 wie
803 2975 837 3017 er
861 2954 946 3017 dann
969 2955 1061 3018 alzeit
1083 2956 1203 3038 gethan
1227 2958 1293 3037 hat,

142 3063 190 3126 des
220 3062 273 3127 die
297 3059 458 3124 Biblisehe
487 3058 670 3136 schrifften,
703 3062 799 3142 grite,
834 3059 986 3143 gemisse,
1021 3059 1086 3122 und
1117 3065 1295 3146 gnhgsame

142 3167 270 3252 zeugnis
294 3165 404 3251 geben.
443 3164 593 3228 Grbssere
616 3163 814 3248 Abgbtterey
838 3164 923 3228 dann
946 3165 995 3228 die
1017 3164 1204 3248 ohgemelte‚
1228 3168 1292 3232 han

142 3270 336 3336 menschlich
359 3269 524 3334 verstandt
546 3269 596 3332 nit
618 3269 802 3354 begreiffen,
826 3269 882 3333 das
904 3270 946 3333 ist
961 3270 1203 3335 unverneinlieh
1219 3295 1292 3336 war.

143 3373 178 3440 So
200 3377 269 3441 kan
293 3397 367 3439 man
399 3374 479 3438 auch
509 3375 620 3438 anders
641 3375 700 3438 <nit
734 3379 910 3451 erwarten‚
945 3375 1030 3439 dann
1062 3376 1117 3439 das
1141 3375 1203 3441 (iot
1234 3379 1295 3442 mit

143 3482 243 3547 einem
267 3501 398 3565 grossen
421 3480 542 3544 donner
565 3480 658 3545 darzd
674 3480 824 3565 schlagen
841 3481 923 3558 wirt,
947 3480 989 3543 Es
1005 3482 1067 3545 han
1080 3483 1114 3564 ja
1133 3482 1182 3545 nit
1196 3482 1293 3562 salon,

143 3587 224 3652 dann
241 3586 336 3650 keine
351 3584 538 3669 Abgbtterei
562 3606 637 3670 mag
660 3608 693 3649 er
709 3586 835 3663 dulden,
859 3586 930 3650 hats
948 3586 1028 3650 auch
1044 3610 1115 3650 zum
1138 3587 1293 3653 hiichsten

143 3693 317 3757 verbotten.
363 3689 405 3755 So
427 3691 484 3755 hat
507 3691 590 3754 sichs
612 3691 692 3755 eben
716 3692 766 3756 hei
789 3713 884 3756 unser
906 3693 986 3768 neit,
1018 3693 1083 3755 und
1113 3692 1164 3756 bei
1187 3692 1222 3757 n.
1248 3695 1292 3757 M.

143 3795 353 3862 leiserthums
376 3795 497 3880 anfang
519 3799 732 3881 zbgetragen‚
768 3797 823 3860 das
846 3796 909 3860 Got
940 3797 1048 3860 seinen
1081 3796 1159 3860 eifer
1190 3818 1293 3881 gegen

143 3902 260 3966 seinem
284 3899 474 3985 widersiiger
496 3902 641 3986 erneiget
666 3903 730 3966 und
753 3903 813 3966 den
837 3902 944 3966 selben
967 3903 1127 3986 angriffen
1149 3903 1214 3968 hat.

144 4003 214 4071 Und
238 4007 294 4070 das
318 4027 350 4069 es
367 4003 478 4070 Gottes
502 4007 616 4071 handel
640 4008 695 4084 sei,
718 4008 781 4071 han
804 4007 873 4072 sich
896 4007 930 4071 E.
950 4010 992 4072 M.
1018 4008 1078 4071 icta
1100 4007 1204 4091 gleich
1229 4008 1293 4086 bas,

144 4112 244 4176 weder
266 4131 324 4176 vor
346 4110 484 4175 etliehen
502 4111 604 4194 jeron,
628 4134 684 4176 aus
701 4112 760 4176 den
777 4111 979 4195 geschichten
996 4112 1060 4175 und
1077 4110 1295 4195 mgefallenen

145 4217 271 4303 dingen,
295 4216 460 4281 beriehten
484 4217 547 4281 und
572 4217 750 4283 erinneren.

229 4319 273 4384 Es
296 4321 354 4384 hat
376 4321 443 4386 sich
466 4321 521 4385 der
544 4320 644 4404 Bapst
675 4321 757 4384 diser
792 4321 856 4385 lere
886 4343 944 4406 gar
966 4321 1117 4385 ernstlich
1142 4322 1295 4408 widerge·

145 4431 248 4492 setzet.
295 4425 451 4521 Vllammb
473 4427 573 4492 aber?
600 4427 655 4490 das
678 4427 742 4491 han
765 4451 799 4492 er
821 4427 883 4491 ieta
905 4426 988 4491 selhs
1010 4425 1140 4504 wissen,
1164 4425 1216 4492 Sie
1239 4429 1296 4494 hat

196 4543 323 4587 siarum.
1054 4531 1086 4585 10
