2850 5018
681 392 740 454 211

131 567 210 630 adeo
233 564 329 628 multi
351 564 494 648 praeclari
517 565 576 628 viri
600 585 740 628 summos
763 564 964 629 exhauserint
987 565 1134 628 labores?
1156 567 1192 628 tu
1209 587 1287 649 quo-

132 693 204 755 que,
230 668 352 747 Caesar,
381 669 474 733 variis
496 668 669 753 multisque
691 669 937 754 cogitationibus
959 673 991 733 et
1013 669 1166 734 molestiis
1190 691 1287 755 prop·

132 780 219 840 terea
241 774 285 838 sis
308 773 528 858 defatigatus?
563 773 632 857 ipsa
655 774 825 839 Germania
851 795 915 838 non
938 774 1033 839 semel
1057 774 1090 838 in
1113 775 1288 840 maximum

132 880 304 946 discrimen
326 879 460 943 adducta
483 879 550 942 sit?
581 883 613 944 et
634 901 719 943 nnnc
742 880 887 959 tandem,
917 884 990 965 post
1020 884 1086 945 tam
1114 881 1288 946 laboriosas
1316 917 1317 921 =

132 986 284 1068 taediique
305 983 415 1066 plenas
439 982 706 1062 consultationes,
738 985 852 1049 tritum
874 983 953 1048 illud
976 988 1008 1049 et
1036 984 1186 1070 vulgare,
1220 985 1288 1051 leve

133 1091 215 1154 illud
237 1092 270 1152 et
291 1087 460 1153 ridiculum
483 1087 661 1167 adferatur,
687 1086 829 1153 futurum
854 1089 988 1167 scilicet,
1022 1095 1057 1153 ut
1080 1089 1135 1154 isti
1158 1091 1288 1155 redeant

133 1196 171 1260 ad
195 1195 358 1259 mentem?
395 1192 453 1257 Sed
476 1215 542 1256 non
565 1196 704 1278 sperant,
729 1193 811 1277 quod
836 1193 955 1270 dicunt,
976 1191 981 1279 Ι
1002 1195 1079 1278 quin
1104 1195 1210 1278 potius
1232 1218 1287 1260 ex·

132 1301 272 1376 tinctum
295 1301 446 1381 cuperent
469 1301 572 1361 totum
595 1298 679 1362 istud
704 1299 856 1364 doctrinae
886 1321 1005 1385 genus,
1038 1303 1071 1363 et
1100 1300 1218 1365 deletos
1249 1301 1288 1364 ad

133 1421 233 1470 unum
258 1424 376 1481 omnes,
401 1403 455 1486 qui
478 1403 668 1486 profitentur
691 1425 769 1468 eam.
812 1403 845 1469 Si
868 1426 956 1488 spem
978 1405 1074 1468 istum
1097 1404 1288 1484 habuerunt,

133 1533 189 1576 cur
218 1508 380 1572 infinitam
412 1507 576 1572 hominum
608 1508 849 1573 multitudinem
878 1509 1065 1592 aplurimis
1088 1532 1173 1575 nune
1196 1510 1289 1575 annis

134 1619 201 1680 tam
225 1613 337 1679 acerbe
358 1617 435 1676 sunt
457 1613 636 1697 persecuti?
681 1612 715 1678 Si
738 1614 911 1698 principio,
939 1636 1011 1678 cum
1033 1617 1165 1702 exiguus
1187 1615 1289 1681 adhuc

135 1723 217 1785 esset
240 1739 391 1783 numerus
414 1720 446 1781 et
468 1720 685 1801 contemptus,
711 1739 774 1782 non
797 1723 954 1784 venerunt
979 1723 1012 1783 in
1036 1743 1104 1784 eam
1128 1743 1233 1804 spem,
1256 1721 1290 1785 id

137 1824 219 1908 quod
245 1822 343 1887 caedes
366 1821 407 1886 ab
429 1821 507 1905 ipsis
538 1825 726 1905 perpetratae
754 1823 832 1887 satis
861 1823 1097 1903 demonstrant,
1133 1827 1290 1909 quomodo

136 1927 287 1993 credibile
310 1930 368 2004 est,
392 1927 474 1992 hano
496 1948 581 2010 spem
599 1927 632 1990 in
649 1927 694 1991 eis
711 1931 836 1992 auctam
853 1950 917 1992 esse
933 1929 1139 2012 temporibus,
1164 1932 1290 2015 quando

138 2033 346 2118 conspiciunt,
374 2053 482 2096 omues
504 2033 659 2115 paulatim
685 2034 810 2098 ordines
834 2033 872 2097 ad
895 2033 1103 2100 defectionem
1124 2039 1289 2119 spectare?

140 2137 313 2204 Simulatus
336 2141 384 2202 eat
405 2137 506 2222 igitur
535 2142 566 2201 et
596 2138 688 2202 fictus
720 2138 771 2202 hic
799 2160 907 2203 eorum
939 2161 1051 2206 sermo.
1098 2139 1181 2205 Nam
1216 2141 1291 2225 quia

139 2244 245 2309 vident
268 2242 412 2307 crucibus
434 2245 466 2307 et
488 2242 624 2306 flammis
648 2242 730 2306 nihil
753 2244 923 2327 quicquam
945 2244 1027 2309 effici
1050 2266 1150 2329 posse,
1175 2269 1290 2331 praese

139 2351 245 2416 ierunt
275 2349 417 2432 aliquam
446 2349 716 2426 moderationem,
751 2355 783 2414 et
816 2350 1100 2415 commiserationis
1132 2353 1290 2434 quandam

707 2472 724 2509 ’l‘

138 2564 192 2648 lag
214 2559 375 2647 gehalten,
400 2559 504 2623 haben
526 2557 593 2623 sich
617 2559 700 2623 dann
725 2582 760 2625 so
783 2560 828 2624 vil
852 2582 978 2647 grosser
1001 2561 1085 2641 leut,
1118 2585 1152 2627 so
1175 2564 1234 2627 offt
1257 2564 1291 2628 in

137 2667 218 2732 diser
241 2666 357 2731 sachen
379 2660 538 2742 bemdhet,
562 2665 620 2729 hat
642 2665 704 2730 dan
720 2664 755 2729 11.
773 2665 817 2730 Μ.
834 2667 927 2744 selba,
951 2689 985 2731 so
1008 2666 1052 2732 vil
1075 2669 1202 2732 verdroa
1225 2670 1291 2733 uud

133 2771 305 2836 unwillens
329 2770 419 2834 dorin
443 2770 571 2854 gehabt,
595 2769 651 2833 hat
674 2771 735 2833 dan
752 2769 908 2834 Teutsche
923 2769 1055 2851 Nation,
1080 2773 1132 2836 nit
1153 2773 1205 2838 ein
1224 2774 1290 2838 mal

134 2877 169 2940 in
193 2898 320 2962 grosser
342 2875 550 2941 mercklicher
573 2874 802 2960 gefahrligkeit
824 2875 995 2940 derhalben
1015 2879 1199 2961 gestauden,
1224 2879 1290 2942 und
1351 2873 1352 2876 '

135 2983 192 3059 sol
207 3004 294 3059 nun,
317 3004 387 3045 zum
411 2980 574 3058 beschlus,
608 2981 715 3045 nichts
738 2981 850 3046 anders
874 2986 986 3067 gesagt
1009 2984 1153 3061 werden,
1189 2983 1287 3062 darm,
1408 3005 1411 3013 ¹

136 3089 192 3152 das
215 3088 262 3152 sie
284 3087 463 3166 verhoffen,
495 3109 527 3150 es
553 3087 636 3151 werd
660 3087 728 3151 sich
750 3087 796 3151 ire
817 3087 989 3171 widerpart
1010 3091 1092 3152 etwa
1115 3087 1289 3152 widerumb

138 3193 298 3257 bekeren?
329 3191 416 3257 Aber
440 3193 484 3256 sie
506 3192 602 3255 reden
626 3192 705 3256 oben
731 3192 801 3256 dem
824 3192 963 3270 hertzen,
987 3192 1052 3255 und
1075 3192 1212 3257 hoffents
1229 3193 1289 3270 nit,

139 3299 251 3363 sonder
275 3299 408 3375 wblten,
442 3298 497 3362 das
526 3296 660 3362 hellisch
683 3298 753 3362 feur
777 3300 832 3362 hct
854 3297 920 3362 dise
941 3298 1006 3362 lere
1029 3298 1093 3361 und
1117 3298 1198 3363 lerer
1221 3321 1291 3362 ver-

139 3404 292 3482 brennet,
328 3404 421 3468 dweil
452 3404 502 3467 ihr
526 3403 616 3480 seur,
653 3404 710 3468 wie
733 3425 806 3487 gros
831 3404 877 3467 sie
899 3403 954 3467 das
977 3403 1113 3483 auchiu
1139 3404 1193 3467 der
1215 3405 1291 3468 welt

139 3509 237 3574 durch
261 3509 323 3573 alle
345 3508 535 3574 Provintzen
559 3508 723 3592 gemacht,
754 3508 952 3593 angezbndet
981 3507 1047 3570 und
1078 3509 1293 3592 ausgebreitet

140 3616 260 3693 haben,
285 3614 391 3679 nichts
414 3614 504 3679 mehr
526 3613 639 3678 hilffct.
687 3611 763 3677 sind
788 3614 832 3676 sie
855 3613 930 3677 aber
952 3613 1035 3676 diser
1058 3611 1214 3698 hoffnung
1237 3634 1292 3696 gc-

139 3743 251 3798 wcsen,
275 3720 417 3784 warumb
440 3717 544 3783 haben
568 3718 613 3782 sie
635 3718 720 3780 daun
737 3739 772 3781 so
790 3716 943 3780 manchen
961 3716 1105 3779 ellenden
1121 3715 1292 3781 menschen

139 3824 308 3911 gemacht?
353 3821 393 3887 So
417 3822 462 3887 sie
486 3823 570 3886 daun
594 3820 776 3906 anienglich
792 3831 802 3898 ,“
835 3821 875 3884 da
904 3820 959 3883 das
982 3819 1102 3883 heuflin
1125 3841 1183 3904 gar
1206 3821 1293 3884 hlein

138 3951 212 4009 war,
236 3931 303 3995 dise
325 3929 482 4012 hoffnung
505 3927 595 3991 nicht
617 3926 737 4010 gehabt
761 3925 832 4008 (wie
855 3924 883 3986 ir
905 3925 1049 3988 brennen
1072 3924 1137 3986 und
1160 3926 1292 3988 morden

139 4035 296 4121 anzeiget)
319 4033 378 4098 wie
401 4034 459 4096 ists
483 4031 623 4116 mbglich
646 4032 721 4095 oder
737 4028 910 4116 glaublieh,
935 4029 989 4092 das
1007 4029 1052 4093 sie
1068 4029 1195 4115 heutigs
1210 4035 1291 4114 tags,

138 4140 176 4205 dc
198 4139 254 4204 der
277 4138 368 4204 hauff
387 4138 515 4222 unzelig
537 4137 597 4213 ist,
634 4136 699 4199 und
722 4136 783 4199 alle
806 4139 862 4219 lag
885 4135 1049 4217 zdnhnpt,
1083 4133 1189 4200 solohe
1210 4136 1292 4199 hoff·

138 4261 228 4330 nung
250 4245 354 4308 haben
378 4243 504 4306 solten?
550 4240 692 4303 Darumb
716 4240 774 4303 ists
798 4239 899 4303 neben
929 4240 1083 4314 anderen,
1118 4239 1187 4302 cine
1210 4238 1292 4302 Pha-

138 4349 288 4414 riseische
317 4349 411 4424 rede,
447 4348 529 4411 denu
563 4367 598 4409 so
628 4346 672 4408 sie
702 4345 762 4407 mit
793 4345 870 4408 irem
895 4338 1000 4406 willan
1023 4345 1087 4406 und
1112 4365 1293 4428 grausamer

138 4450 271 4540 gedbter
293 4457 453 4538 tyranney
475 4453 527 4516 nit
549 4452 672 4515 weiters
696 4456 822 4534 mitgeri,
847 4447 960 4513 stellen
984 4449 1028 4513 sie
1048 4449 1114 4512 sich
1131 4449 1221 4526 eben,
1246 4449 1292 4512 als

1026 4555 1058 4607 14
1070 4553 1083 4584 ’⁶
