2850 5018
176 1172 273 1258 [Adii]
519 1175 726 1249 JOANNIS
754 1175 984 1249 SLEIDANI

688 1331 801 1398 Oratio

370 1472 410 1538 ed
432 1471 595 1557 Principes
617 1495 655 1538 ee
676 1471 811 1538 Ordines
832 1474 954 1537 omneis
977 1472 1118 1556 Imperii.

265 1648 336 1713 Etsi
356 1653 471 1732 praeter
493 1647 640 1711 deserum
656 1668 722 1710 esse
736 1647 837 1711 videri
851 1648 962 1731 possit,
985 1647 1147 1721 hominem
1163 1648 1326 1732 privatum

176 1754 343 1823 instituere
365 1774 541 1819 sermonem
563 1753 647 1836 apud
670 1774 743 1830 vos,
766 1753 979 1819 Illustrissimi
1002 1752 1183 1838 Principes,
1215 1753 1270 1836 qui
1293 1756 1326 1816 et

176 1860 238 1944 ipsi
260 1879 408 1943 magnam
431 1857 556 1923 habetis
579 1879 685 1923 rerum
708 1858 929 1942 prudentiam,
952 1863 985 1922 et
1007 1858 1195 1923 consiliariis
1218 1856 1326 1921 ornati
1386 1927 1390 1933 ,

177 1965 262 2043 estis,
285 1963 362 2028 viris
384 1963 635 2049 sapientissimis,
658 1967 775 2042 tamen,
798 1964 950 2049 quonism
965 1963 1235 2029 exulceratissims
1249 1967 1327 2028 sunt

176 2068 244 2135 haee
266 2074 374 2134 nostra
397 2073 557 2152 tempora,
589 2069 740 2153 quonism
769 2069 805 2133 in
835 2068 970 2133 deterius
1001 2069 1108 2133 omnis
1129 2068 1326 2152 pedetentim

176 2175 313 2251 abeunt,
348 2177 380 2239 31
410 2173 486 2257 quis
506 2175 653 2239 maximae
673 2177 771 2253 sunt,
805 2178 874 2239 tem
895 2175 1022 2258 publice
1044 2197 1138 2258 quam
1161 2175 1325 2258 privatim,

175 2279 364 2345 offensiones
385 2280 565 2344 animorum
595 2279 630 2343 in
653 2278 841 2357 Germania,
873 2280 983 2363 putavi
1013 2302 1064 2344 me
1093 2278 1253 2345 facturum
1288 2301 1327 2343 ex

176 2384 301 2460 officio,
325 2384 352 2448 si
374 2383 457 2448 forte
480 2406 603 2468 possem
626 2387 659 2448 et
679 2384 769 2448 vobis
793 2384 939 2469 prodesse
961 2389 994 2447 et
1017 2384 1177 2449 communi
1200 2383 1326 2467 pstriae,

175 2493 212 2555 ut
234 2488 315 2554 nihi!
340 2489 374 2553 in
406 2511 442 2554 eo
472 2490 757 2573 prsetemitterem.
803 2489 900 2556 Ducit
934 2488 1020 2552 enim
1051 2510 1087 2553 eo
1119 2510 1169 2552 me
1202 2491 1326 2566 natura,

176 2617 246 2681 quae
267 2598 372 2663 toturn
395 2595 522 2679 quidem
545 2616 646 2682 genus
668 2594 843 2661 humanum
873 2598 905 2660 et
934 2616 1043 2659 omnes
1074 2594 1192 2677 ubique
1214 2598 1328 2678 gentes

742 2734 761 2772 *

177 2842 228 2927 [3]
682 2837 816 2905 Oration

258 3004 298 3047 sn
321 2981 383 3047 3113
406 2979 634 3060 Ohurfttrsten,
658 2979 794 3045 Fttrsten
817 2979 881 3044 und
904 2978 1020 3045 Stende
1042 2980 1095 3044 des
1120 2979 1244 3044 Reiehs.

264 3121 399 3188 Wiewol
421 3143 453 3187 es
477 3121 527 3186 bei
550 3121 687 3187 etliehen
711 3121 758 3185 als
787 3119 839 3183 ein
870 3118 1020 3203 onniitigs
1052 3119 1147 3204 ding,
1181 3118 1330 3203 geaehtet

176 3229 300 3295 werden
324 3226 441 3305 mdeht,
466 3225 639 3312 Gnedigste
663 3226 725 3290 und
750 3223 893 3310 Gnedige
915 3223 1057 3301 Herren,
1093 3223 1148 3288 des
1179 3221 1249 3287 sieh
1271 3247 1327 3309 ye-

177 3336 273 3400 mand
308 3334 420 3399 nidern
463 3333 574 3398 stands
609 3331 831 3414 undemimpt,
876 3329 1111 3415 gegenwertige
1140 3327 1329 3416 Ermanung

177 3462 218 3506 en
234 3439 344 3504 Ewere
360 3438 446 3504 Ohur
468 3438 534 3503 und
550 3436 728 3502 Ftrstliehe
750 3435 874 3521 gueden
898 3438 936 3499 nt
952 3433 1043 3510 thtn,
1067 3433 1118 3498 die
1140 3455 1196 3498 aus
1212 3432 1329 3498 hohern

177 3544 325 3611 verstend
348 3544 410 3609 3113
432 3542 547 3608 ssehen
569 3542 631 3607 ban
654 3541 853 3626 ergrttnden,
887 3539 968 3605 such
999 3539 1059 3602 mit
1081 3560 1117 3603 so
1142 3538 1224 3602 vilen
1248 3539 1327 3603 tref-

177 3651 282 3716 liehen
305 3651 373 3715 iren
397 3648 522 3715 Rndten
554 3647 619 3712 und
649 3647 779 3712 dienern
803 3644 952 3710 versehen
986 3644 1094 3723 seind,
1127 3643 1270 3708 dennoeh
1295 3645 1330 3708 in

177 3776 348 3841 erwegung
370 3756 463 3820 deren
487 3752 740 3837 widerwertigen
762 3750 928 3835 hendlung
950 3751 1015 3814 und
1035 3751 1230 3834 werbungen
1253 3750 1329 3812 zwi-

177 3863 273 3929 sehen
297 3861 380 3926 allen
403 3858 541 3925 Stenden
565 3856 741 3922 Teutseher
762 3854 882 3921 Nation
901 3853 922 3934 ¹,
954 3854 1017 3919 heb
1041 3854 1092 3919 ich
1115 3858 1186 3919 ztm
1209 3858 1327 3932 ersten,
1396 3851 1399 3855 ’

177 3990 234 4034 eus
247 3965 539 4051 'underthtinigster
563 3960 733 4047 neigung²
755 3965 793 4026 zd
815 3959 850 4025 E.
875 3959 929 4025 ch.
954 3960 1019 4025 und
1042 3960 1076 4025 F.
1097 3959 1238 4038 Gnaden,
1261 3960 1328 4024 und

178 4073 329 4160 volgends
352 4093 408 4137 aus
432 4069 628 4137 nstttrlieher
651 4068 860 4154 eingeborner
882 4066 965 4130 liebe
986 4069 1058 4130 ztm
1081 4064 1256 4130 Vaterlend
1280 4067 1331 4130 nit

251 4248 263 4301 1
286 4247 368 4301 1541:
397 4245 517 4308 Nation,
545 4243 616 4299 euch
639 4241 724 4297 deren
743 4178 936 4312 getthrliehen
954 4238 1129 4327 practichen,
1154 4256 1184 4294 so
1212 4239 1264 4294 suf
1291 4238 1331 4296 sie

179 4335 309 4408 getriben
326 4334 445 4399 werden,
465 4332 585 4389 habich
718 4331 734 4385 2
754 4346 897 4400 meynung
915 4330 988 4384 stett
1006 4325 1139 4397 neigung.
