2850 5018
686 363 748 425 125

131 542 164 603 et
187 540 225 601 ut
250 537 391 621 aliquem
414 539 530 620 praeter
552 539 700 601 naturam
723 538 755 598 et
777 555 897 599 morem
919 556 1011 599 suum
1043 534 1177 622 diligat,
1213 535 1291 602 Ger·

131 643 278 707 maniam
301 647 407 736 tamen
431 645 463 706 et
484 646 627 706 nostram
641 644 769 724 gentem
785 661 890 704 amare
906 660 970 703 non
986 644 1100 722 potest,
1124 664 1181 707 nec
1204 643 1289 706 enim

132 769 266 812 causam
288 745 394 823 habet,
418 766 454 809 ac
477 745 601 829 quoties
624 746 661 809 de
683 743 774 807 nobis
797 744 934 827 cogitat,
967 744 999 807 in
1024 747 1162 809 mentem
1186 747 1215 810 ei
1237 768 1291 811 ve·

132 852 204 916 niet
228 855 357 935 oportet
381 850 458 914 illud
483 872 521 914 ex
544 849 712 914 comoedia:
759 846 808 910 En
832 847 923 911 fundi
946 849 1049 913 nostri
1071 850 1244 917 calamites.

224 956 386 1033 Quamdiu
406 977 568 1039 superesse
591 959 685 1039 putat
707 955 792 1018 inter
814 974 871 1017 nos
895 954 1017 1036 aliquot
1040 977 1103 1018 non
1127 957 1246 1021 alienos
1270 979 1289 1020 a

136 1084 177 1141 se,
202 1062 328 1125 tamdiu
351 1060 516 1125 simulabit
538 1058 802 1136 benevolentiam,
825 1080 935 1123 verum
958 1058 1024 1124 haec
1039 1064 1130 1125 tanta
1145 1082 1210 1125 esse
1225 1082 1290 1124 non

135 1171 252 1251 potest,
277 1166 356 1250 quin
379 1168 484 1250 cupiat
507 1172 607 1232 totam
631 1167 764 1249 stirpem
787 1165 922 1229 excisam
947 1187 1028 1244 esse,
1062 1168 1137 1231 dum
1160 1168 1291 1253 cogitat,
1337 1195 1349 1224 ι

135 1295 188 1338 eos
223 1274 312 1357 ipsos
345 1294 409 1337 non
441 1279 507 1338 tam
530 1274 681 1338 Romanae
709 1273 791 1336 sedis
824 1294 951 1336 eausam
974 1271 1159 1350 defendere,
1195 1295 1291 1356 quam

136 1379 304 1463 proprium
326 1381 468 1461 spectare
490 1379 686 1443 commodum
709 1383 741 1442 et
763 1378 1021 1458 emolumentum.
1053 1378 1166 1462 Itaque
1180 1378 1292 1463 gravia

138 1484 272 1548 molitur
296 1484 331 1547 in
353 1484 470 1563 animo,
495 1507 595 1568 neque
618 1484 807 1560 dissimulat,
830 1505 895 1560 vos,
920 1483 974 1566 qui
998 1487 1123 1567 turpem
1145 1484 1212 1566 ejus
1236 1484 1291 1547 do·

138 1591 298 1654 minatum
321 1612 340 1654 a
361 1590 451 1653 vobis
467 1590 670 1675 profligastis
695 1588 902 1674 dig[liij]nos
918 1610 992 1666 esse,
1016 1588 1072 1671 qui
1087 1587 1291 1671 possessioni·

138 1695 196 1758 bus
234 1695 383 1759 omnibus
417 1694 528 1759 nudati
559 1695 681 1760 nullum
715 1695 749 1757 in
785 1694 947 1777 republica
975 1694 1079 1757 locum
1109 1692 1288 1770 honestum,

140 1800 264 1864 nullum
297 1801 382 1864 inter
412 1799 556 1864 homines
589 1799 753 1890 retineatis
788 1800 1028 1876 auctoritatem
1063 1819 1126 1862 non
1161 1798 1292 1862 obscure

140 1927 203 1988 prae
226 1926 261 1968 se
284 1903 356 1984 fert,
380 1905 407 1968 si
431 1908 499 1970 tota
522 1904 688 1968 dissideret
711 1905 750 1968 ab
774 1904 844 1987 ipso
860 1902 1039 1980 Germania,
1063 1903 1166 1967 Caesar
1185 1903 1292 1979 etiam,

142 2011 345 2076 auferendam
369 2033 435 2075 esse
458 2011 550 2075 nobis
572 2010 752 2074 libertatem
774 2031 917 2085 omnem,
947 2009 998 2090 jus
1028 2011 1060 2071 et
1087 2007 1290 2092 privilegium

143 2116 268 2180 creandi
292 2115 431 2193 Caesaris,
455 2120 487 2181 et
510 2116 576 2181 haec
597 2116 705 2181 omnia
727 2115 893 2180 transferri
917 2114 1029 2178 debere
1051 2113 1084 2176 in
1101 2113 1196 2177 aliam
1212 2134 1291 2198 gen·

143 2225 215 2300 tem,
241 2243 462 2306 quamcunque
481 2223 548 2306 ipse
563 2222 649 2300 velit,
674 2227 710 2286 ut
733 2222 788 2304 qui
810 2222 853 2285 sit
876 2220 1022 2285 dominus
1046 2223 1077 2282 et
1100 2222 1210 2283 auctor
1231 2218 1293 2281 im·

144 2328 229 2411 perii.
277 2327 489 2392 Continentur
521 2327 587 2392 haec
617 2327 717 2411 ipsius
748 2327 900 2410 impressa
932 2325 1147 2390 monumentis
1177 2326 1209 2386 et
1238 2323 1292 2386 de-

144 2431 254 2509 cretis,
279 2433 326 2495 ita
348 2432 489 2515 quidem,
523 2438 560 2497 ut
582 2434 693 2518 negari
716 2455 780 2496 non
804 2432 947 2516 possint,
982 2434 1014 2494 et
1037 2451 1075 2494 ex
1099 2429 1175 2512 ipsis
1198 2426 1293 2509 multi

144 2539 330 2618 potestatem
364 2537 448 2602 hanc
475 2539 536 2604 sibi
570 2542 781 2622 sumpserunt.
839 2536 1012 2621 Arrogcvit
1042 2534 1103 2599 hoc
1135 2532 1197 2596 sibi
1227 2553 1292 2615 prae

144 2643 253 2706 ceteris
278 2640 460 2707 Bonifacius
492 2644 547 2707 ille
577 2649 724 2721 octavus,
757 2643 832 2706 dum
861 2643 1021 2706 accinctus
1051 2661 1144 2717 ense,
1178 2643 1210 2702 et
1238 2659 1290 2702 co·

145 2767 254 2810 ronam
283 2747 463 2831 triplicem,
497 2747 648 2811 inauditae
677 2746 832 2830 superbiae
860 2749 992 2826 testem,
1027 2744 1131 2829 capite
1153 2748 1293 2830 gestam,

711 2871 728 2909 a

146 2955 214 3038 [74]
237 2960 271 3021 et
295 2959 402 3040 quand
422 2959 496 3023 bien
519 2960 542 3024 il
566 2961 713 3025 aimeroit
744 2961 880 3043 quelcun
914 2964 1023 3024 contre
1053 2981 1087 3022 sa
1118 2960 1232 3020 nature
1261 2957 1295 3018 et

145 3068 316 3139 coustume,
341 3063 368 3125 si
389 3086 429 3127 ne
450 3066 568 3147 peut-il
591 3067 690 3129 aimer
708 3071 816 3129 nostre
832 3065 953 3143 nation,
977 3086 1016 3127 ne
1031 3063 1246 3145 l'Alemagne:

145 3165 215 3248 [75]
239 3164 301 3230 Sur
324 3170 395 3230 tous
419 3160 445 3231 a*
459 3189 493 3232 ce
515 3168 577 3233 fait
600 3169 751 3234 Boniface
774 3169 935 3246 huitieme,
962 3168 1068 3250 quand
1091 3166 1177 3230 ceint
1199 3166 1293 3228 d'une

144 3273 250 3355 espec,
284 3276 416 3355 portant
445 3296 499 3338 sur
530 3297 566 3339 sa
594 3279 675 3339 teste
704 3296 766 3338 une
788 3296 946 3339 couronne
976 3273 1089 3357 triple,
1119 3293 1198 3354 pour
1229 3274 1293 3333 tes·

145 3377 316 3461 moignage
349 3377 387 3441 de
421 3400 477 3442 son
511 3379 633 3464 orgueil
667 3401 731 3444 non
744 3381 747 3384 ’
760 3379 875 3461 jamais
908 3401 989 3463 ouy,
1023 3398 1186 3462 prononpa
1220 3398 1292 3461 pre·

145 3486 434 3566 somptueusement
457 3484 572 3548 devant
595 3489 676 3563 tous,
701 3485 779 3567 qu'il
802 3485 897 3548 estoit
912 3483 1085 3568 Empereur
1108 3487 1140 3546 et
1155 3482 1248 3566 Pape.

710 3607 729 3646 a

145 3691 238 3775 [192]
262 3691 294 3770 Y
317 3694 396 3758 dado
428 3707 488 3779 que
519 3700 629 3760 contra
659 3719 696 3760 su
727 3696 907 3761 ncturaleza
928 3717 950 3778 y
973 3694 1152 3757 costumbre
1184 3693 1293 3777 quiera

144 3797 216 3861 bien
240 3820 259 3861 a
281 3798 414 3882 aiguno,
438 3822 480 3864 no
503 3821 628 3885 empero
651 3803 750 3885 puede
773 3824 861 3865 amar
884 3823 903 3864 a
925 3798 1093 3864 Alemania
1114 3822 1136 3882 y
1159 3821 1178 3861 a
1199 3820 1295 3862 nues-

145 3906 194 3966 tra
217 3905 323 3987 gente.

146 4005 240 4092 [193]
265 4007 425 4092 Usurpola
457 4031 523 4072 mas
556 4032 617 4093 que
645 4010 734 4075 todos
757 4009 850 4094 aquel
874 4029 1019 4094 perverso
1044 4007 1208 4072 Bonifacio
1231 4006 1292 4072 Oc·

145 4115 237 4191 tavo,
271 4113 397 4195 quando
426 4115 536 4177 conida
566 4136 602 4177 su
637 4116 770 4199 espada,
804 4118 960 4200 ypuesta
982 4136 1022 4177 en
1044 4114 1076 4177 la
1097 4112 1210 4198 cabepa
1232 4133 1296 4176 una

145 4237 261 4282 corona
290 4217 509 4295 tresdoblada,
543 4217 576 4282 la
607 4219 683 4301 qual
712 4241 765 4283 era
795 4219 978 4283 testimonio
1009 4218 1047 4283 de
1069 4240 1133 4282 una
1154 4217 1297 4282 sobervia

146 4343 249 4387 nunca
280 4323 381 4406 oyda,
416 4323 542 4388 delente
574 4324 665 4388 todos
697 4325 745 4389 los
779 4324 950 4403 hombres,
986 4325 1110 4389 declaro
1143 4344 1202 4388 con
1234 4345 1299 4388 una

145 4432 272 4495 estrada
291 4430 488 4515 arrogancia,
510 4451 570 4514 que
583 4430 612 4493 el
629 4432 683 4494 era
690 4429 1123 4517 juntamenteEmpercdory
1133 4427 1297 4496 Pontifice.
