2850 5018
761 336 824 398 118
863 404 866 409 ,

216 504 323 583 bium,
346 505 400 569 sed
423 528 492 571 ecce
515 511 693 590 quaestuosa
715 506 778 570 fuit
800 507 898 573 etiam
919 507 969 571 illi
992 507 1058 572 haec
1081 507 1152 591 ipsa
1173 507 1374 594 repurgatio.

215 609 282 674 Nec
304 609 390 673 enim
412 610 529 675 licebat
551 613 584 675 in
609 633 645 675 eo
660 612 818 676 breviario
835 612 963 688 versari,
987 591 1050 676 disi
1065 615 1185 677 certam
1200 613 1374 696 pecuniam

216 716 287 798 quis
310 715 519 799 dependisset.
568 718 650 794 Quid
673 718 756 782 hoc?
799 716 916 781 Nonne
939 740 1047 781 rerum
1070 723 1135 795 est,
1161 718 1245 801 quod
1269 718 1373 802 scrip-

215 824 289 884 tura
316 824 473 899 testatur,
508 844 563 886 vos
594 821 711 887 habere
744 827 883 886 mentem
906 823 1201 887 exercitatissimam
1224 823 1374 887 inomni

216 945 331 1009 genere
354 927 497 1009 rapinae?

304 1030 382 1095 Post
405 1032 487 1096 hanc
509 1032 756 1096 ostentationem
787 1031 886 1096 animi
915 1054 980 1095 uon
1009 1031 1140 1116 pessimi
1171 1032 1268 1116 coepit
1299 1054 1372 1115 pre-

220 1135 354 1199 hensare
376 1141 409 1200 et
431 1136 569 1212 ambire,
600 1135 690 1219 quasi
714 1135 804 1200 valde
826 1140 954 1219 cuperet
976 1136 1139 1219 publicum
1162 1136 1249 1200 orbis
1271 1137 1373 1201 comi·

218 1241 310 1316 tium,
334 1241 388 1304 sed
412 1241 490 1304 illud
515 1241 548 1304 in
572 1239 667 1304 ltalia
690 1241 760 1325 cogi
785 1241 919 1316 volebat,
944 1245 979 1304 ut
1003 1239 1148 1305 Clemens
1171 1243 1275 1318 etiam,
1302 1263 1371 1305 non

218 1345 251 1409 iu
276 1345 467 1422 Germania,
504 1344 586 1408 nibil
615 1345 755 1423 veritus,
791 1344 883 1409 irrita
905 1344 1007 1409 faeere
1029 1350 1096 1410 tam
1120 1346 1223 1410 multa
1246 1346 1371 1429 imperii

219 1451 358 1528 decreta,
392 1451 508 1534 quibus
530 1450 590 1514 hoc
612 1451 771 1514 sancitum
793 1455 860 1527 est,
895 1451 1037 1514 omnium
1060 1451 1208 1515 ordinum
1231 1473 1373 1528 assensu,

218 1561 256 1620 ut
278 1556 365 1620 intra
388 1555 566 1620 Germaniae
588 1556 667 1619 fines
689 1560 864 1640 cogeretur.
900 1554 1044 1620 Clemens
1067 1561 1135 1622 erat
1157 1557 1371 1642 arrogantior,

218 1665 254 1725 ut
277 1660 386 1743 quiet
409 1661 465 1724 illa
487 1661 612 1744 imperii
635 1661 759 1725 decreta
780 1664 1004 1737 contemneret,
1029 1682 1074 1739 ec,
1098 1665 1252 1744 tanquam
1268 1665 1374 1726 rector

219 1770 251 1829 et
274 1766 421 1830 dominus
443 1767 539 1845 orbis,
563 1767 762 1832 condiciones
778 1766 875 1831 etiam
889 1769 922 1830 et
936 1767 1022 1851 leges
1039 1767 1256 1849 praescriberet
1272 1765 1376 1830 futuri

219 1870 355 1949 concilii,
379 1893 449 1954 quae
472 1871 551 1936 tales
574 1869 664 1955 [liij]
687 1875 788 1950 erant,
812 1876 857 1949 ut,
881 1871 909 1934 si
927 1871 1031 1935 locum
1047 1870 1245 1948 habuissent,
1268 1871 1374 1949 facile,

218 1997 281 2059 quo
303 1975 429 2040 volebat
451 1980 483 2040 et
505 1975 685 2060 spectabat,
720 1974 924 2058 pervenisset.
969 1974 1088 2039 Paulus
1110 1997 1202 2053 vero,
1227 1976 1286 2059 qui
1309 1998 1375 2041 non

219 2081 398 2165 ignoraret,
422 2080 686 2162 quemadmodum
708 2084 846 2163 excepta·
868 2078 1006 2143 fuissent
1027 2080 1077 2144 hae
1100 2078 1275 2145 Clementis
1298 2104 1374 2147 con·

220 2186 358 2252 diciones
381 2209 417 2251 as
439 2187 629 2270 repudiatae,
664 2186 769 2250 nullas
801 2185 928 2269 quidem
959 2186 1027 2270 ipse
1057 2185 1143 2271 leges
1164 2186 1307 2264 ferebat,
1339 2193 1377 2252 ut

220 2292 391 2356 humanior
412 2315 480 2357 esse
502 2293 662 2356 videretur
684 2295 716 2354 et
745 2290 867 2370 lenior,
902 2291 1054 2379 alterum¹
1069 2313 1142 2355 vero
1171 2313 1237 2356 non
1271 2293 1376 2378 magis

220 2395 425 2473 remittebat,
462 2396 545 2480 quod
568 2394 735 2472 Clemens,
770 2400 803 2459 et
833 2393 961 2459 Italiam
992 2396 1118 2460 volebat
1148 2417 1216 2460 esse
1247 2397 1375 2462 concilii

220 2501 334 2565 sedem.
381 2500 456 2565 Fuit
479 2501 579 2586 igitur
602 2504 750 2584 exceptus
772 2499 831 2563 bac
854 2503 961 2583 parte,
986 2522 1049 2563 non
1074 2499 1166 2565 aliter
1190 2523 1288 2584 quam
1311 2503 1373 2568 ille.

219 2604 262 2669 Et
286 2627 348 2689 quo
370 2609 511 2689 tempore
534 2606 580 2670 sic
603 2605 754 2682 instabat,
779 2605 881 2668 multa
898 2605 966 2688 jam
987 2609 1079 2669 erant
1101 2608 1132 2668 et
1154 2618 1220 2670 nou
1241 2608 1375 2672 obscura

220 2711 314 2795 signa
336 2710 438 2775 futuri
460 2733 516 2794 per
540 2709 668 2775 ltaliam
691 2710 777 2786 belli,
801 2711 884 2793 quod
907 2732 980 2775 cum
1003 2732 1086 2775 anno
1106 2713 1252 2795 sequenti
1268 2717 1374 2778 ortum

220 2821 311 2894 esset,
335 2817 429 2881 homo
453 2816 578 2880 sedulus
601 2819 633 2879 et
656 2815 811 2899 vigilans,
843 2815 1116 2899 opportunitatem
1147 2815 1231 2882 banc
1260 2839 1373 2902 specu·

220 2921 325 2999 latus,
350 2943 411 3005 quo
434 2924 576 3004 tempore
599 2919 718 2984 bellum
740 2920 890 2998 ardebat,
924 2921 1030 3002 palam
1053 2920 1169 2985 indixit
1191 2923 1372 3000 concilium,

223 3026 316 3109 quod,
340 3048 411 3091 cum
435 3047 499 3089 non
522 3026 636 3102 coiret,
660 3025 809 3109 gravibus
832 3024 1006 3107 interjectis
1029 3025 1284 3108 impedimentis,
1318 3028 1371 3092 ille

220 3130 324 3195 factus
348 3130 529 3207 animosior,
552 3129 715 3214 pergebat,
739 3133 771 3193 et
793 3129 879 3193 orbis
894 3128 1079 3213 deplorabat
1093 3130 1265 3210 miseriam,
1291 3133 1373 3217 quod

221 3236 334 3301 salutis
356 3257 420 3300 suae
441 3239 567 3318 tempus
589 3234 775 3318 negligeret.
822 3233 869 3297 Ac
895 3255 935 3297 ns
957 3235 1040 3316 quod
1063 3236 1195 3300 omnino
1217 3237 1296 3302 boni
1318 3261 1372 3322 pa·

220 3341 314 3405 storis
337 3339 477 3405 officium
500 3338 767 3423 pretermitteret,
792 3343 889 3420 utque
908 3359 1016 3402 omnes
1044 3338 1189 3404 homines
1220 3342 1371 3420 riderent,

222 3469 316 3530 quam
340 3445 421 3509 serio
440 3467 508 3509 rem
523 3449 640 3529 ageret,
665 3444 748 3528 quod
765 3443 905 3507 Mantuae
927 3444 1137 3508 constituerat
1157 3445 1278 3512 habere
1300 3470 1373 3514 con-

788 3563 806 3601 ss

114 3662 117 3667 '
222 3652 285 3718 Das
308 3653 350 3717 ist
372 3676 438 3717 nun
462 3654 512 3717 die
535 3657 617 3717 erste
640 3651 821 3728 botschafft,
845 3651 910 3714 und
933 3651 979 3715 als
1002 3651 1031 3714 ir
1054 3651 1191 3717 dissolbe
1208 3654 1376 3722 herausser

221 3759 421 3844 geschicket,
454 3762 585 3844 mbgent
617 3758 645 3820 ir
676 3757 754 3821 euch
785 3757 955 3834 erinnern,
993 3757 1033 3820 ob
1064 3758 1092 3820 ir
1116 3757 1207 3822 nicht
1230 3759 1375 3824 daztmal

221 3863 360 3939 wissent‚
385 3864 440 3928 das
463 3864 560 3928 schoa
584 3866 680 3928 etwas
704 3863 771 3926 auff
791 3863 845 3926 der
867 3863 930 3925 ban
953 3883 1027 3939 war,
1057 3863 1112 3925 das
1136 3860 1315 3928 Concilium
1338 3870 1377 3930 aii

221 3968 438 4033 verbinderen.
475 3969 554 4034 Zirm
569 3969 705 4033 anderen
728 3967 793 4031 mal
816 3967 935 4031 habent
956 3965 1006 4029 ihr
1029 3969 1127 4052 ganta
1148 3967 1200 4031 ein
1224 3969 1379 4054 gelegene

222 4073 282 4137 neit
313 4077 433 4158 ereugt.
479 4071 538 4136 Als
574 4074 624 4136 die
649 4072 842 4137 Monarchen
878 4074 931 4155 (on
954 4070 1073 4135 welche
1103 4069 1210 4135 nichts
1242 4072 1276 4136 in
1308 4074 1380 4138 dem

219 4178 278 4243 fall
299 4178 476 4263 gescheheu
508 4178 594 4262 mag)
630 4177 729 4242 durch
762 4177 854 4261 krieg
889 4196 992 4260 gegen
1023 4174 1177 4239 einander
1206 4176 1381 4243 verbittert

221 4306 342 4361 waren,
373 4284 492 4348 habent
514 4283 543 4347 ir
566 4282 739 4347 widerumb
761 4281 973 4367 angehalten,
1006 4279 1071 4344 und
1093 4279 1144 4345 die
1166 4282 1240 4346 weil
1262 4304 1297 4346 es
1321 4305 1380 4348 on·

221 4389 360 4474 moglieh
383 4411 458 4466 war,
483 4389 549 4453 sein
572 4388 625 4452 ihr
647 4389 735 4452 desto
758 4382 859 4452 himer
884 4387 1030 4463 worden,
1053 4385 1119 4449 und
1144 4385 1247 4454 damit
1271 4387 1307 4471 ja
1330 4389 1382 4455 nir
