2850 5018
615 339 675 400 153

59 520 91 580 et
106 515 194 580 datis
210 513 352 590 arbitris,
368 534 432 577 non
454 511 629 585 recusabas,
654 507 824 591 quominus
840 507 878 571 de
893 505 1057 592 religionis
1072 505 1216 570 doctrina
1320 520 1322 524 ‘

59 622 120 686 viri
146 621 253 697 docti,
279 621 364 704 pacis
388 623 419 683 et
442 618 558 702 quietis
582 614 717 699 publicar
739 611 882 688 studiosi,
907 611 1039 676 comiter
1061 616 1094 675 et
1116 611 1215 675 amice

58 726 235 810 aliquando
267 726 499 814 disceptarent,
535 728 571 790 ut
601 723 641 787 ab
672 721 750 806 ipsis
781 721 940 805 patefacta
963 721 1013 784 via
1035 722 1067 784 et
1089 725 1215 784 ostensa

59 831 239 896 concordiae
262 831 344 895 ratio
364 831 454 915 jussu
474 834 506 895 et
521 827 713 894 auctoritate
729 831 785 890 tua
800 825 1050 890 confirmaretur.
1081 824 1215 908 Aliquot

59 936 174 1001 deinde
198 939 272 1018 post
294 936 465 1011 mensibus,
488 956 544 1018 per
569 933 706 998 Galliam
729 931 815 995 facto
838 931 969 1007 itincre,
993 931 1027 993 in
1051 930 1215 1014 Belgicam

60 1044 149 1110 tuam
185 1041 364 1119 revertisti,
400 1062 534 1124 cumque
557 1040 615 1103 sub
638 1043 728 1101 tuum
752 1037 922 1102 adventum
955 1036 1077 1120 aliquot
1099 1033 1215 1119 quietis

59 1145 267 1230 impatientes
288 1146 432 1210 homines
455 1144 531 1208 belli
564 1143 664 1209 civilis
693 1163 757 1225 per⁴
773 1141 976 1206 Germaniam
1007 1140 1215 1204 fundamenta

56 1251 227 1335 jecissent,
261 1272 298 1314 ac
329 1249 418 1314 illam
449 1253 535 1313 tuam
566 1270 636 1312 curn
663 1246 839 1311 Galliarum
870 1267 944 1330 rege
966 1245 1062 1309 talem
1086 1248 1214 1328 tamque

59 1363 184 1422 arctam
207 1356 472 1421 consociationem
495 1354 557 1418 sibi
580 1374 704 1437 quoque
726 1351 868 1416 futuram
892 1350 1003 1414 utilem
1019 1349 1214 1414 arbitraren-

58 1466 121 1539 tur,
142 1462 274 1545 jamque
295 1462 522 1544 propemodum
544 1459 737 1523 insultarent
760 1457 907 1522 ferociter
930 1457 995 1519 suis
1011 1453 1214 1547 adversariis:

60 1570 104 1645 tn,
130 1567 206 1631 fidei
230 1565 439 1651 promissique
462 1586 591 1643 memor,
616 1566 647 1627 et
663 1562 797 1626 fortasse
814 1561 995 1645 respiciens,
1020 1562 1214 1645 quantopere

631 1685 648 1724 a

60 1778 97 1840 et'
114 1777 263 1841 dormant
284 1776 337 1839 des
367 1776 518 1854 arbitres,
553 1797 593 1839 ne
624 1773 734 1838 faisois
763 1775 847 1839 relus
871 1796 932 1858 quc
955 1774 1059 1838 doctas
1082 1793 1213 1857 person·

60 1903 169 1966 nages,
194 1885 353 1945 amateurs
376 1881 413 1944 de
435 1883 468 1945 la
490 1880 563 1964 pair
588 1884 619 1942 et
642 1879 843 1963 tranquillite
865 1879 1026 1963 publique,
1049 1901 1089 1942 ne
1104 1879 1213 1962 dispu-

59 1990 181 2051 tassent
204 1986 449 2050 courtoisement
472 1990 504 2048 et
527 1983 752 2049 amiablement
775 1984 827 2048 des
859 1984 1024 2049 differens:
1057 1983 1120 2047 afin
1152 2005 1213 2066 qua

59 2091 86 2156 le
108 2112 224 2175 moyen
248 2091 286 2154 de
308 2090 381 2174 paix
403 2094 436 2154 et
457 2089 609 2154 concorde
632 2111 690 2173 par
711 2112 771 2153 eux
794 2090 913 2166 trouve,
938 2090 1006 2153 fust
1028 2089 1099 2173 puis
1122 2110 1213 2173 apres

60 2196 220 2261 conierme
241 2217 300 2279 par
322 2198 379 2258 ton
402 2194 676 2258 commandement
699 2200 731 2257 et
753 2193 920 2258 authorite.
953 2193 1109 2278 Quelques
1133 2193 1213 2257 mois

32 2368 34 2373 ,
60 2322 149 2385 apres
175 2302 355 2364 traversant
378 2300 410 2363 la
424 2298 545 2363 France
567 2303 603 2362 tu
623 2298 692 2361 vius
716 2320 755 2362 eu
777 2304 834 2362 ton
858 2321 935 2382 pays
960 2300 1015 2363 bas
1039 2303 1071 2363 et
1094 2300 1215 2363 comme

60 2409 77 2470 a
101 2411 136 2470 ta
157 2427 259 2470 venue
281 2426 399 2468 aucuns
421 2404 593 2487 impatiens
615 2403 654 2466 de
675 2424 768 2487 repos
791 2410 926 2500 avopent
945 2406 1026 2489 jettd
1040 2404 1085 2468 les
1102 2404 1214 2469 fonde·

60 2531 148 2575 mens
172 2508 210 2572 de
233 2529 346 2593 guerre
369 2508 470 2584 civile,
494 2508 668 2591 projettaus
689 2510 746 2571 tou
763 2508 895 2573 alliance
910 2512 982 2573 tant
997 2509 1126 2574 estroite
1141 2531 1216 2575 avec

60 2615 88 2680 lc
109 2615 182 2699 Roy
205 2612 243 2677 dc
267 2612 386 2676 Franco
408 2612 515 2676 devoir
537 2612 636 2676 servir
660 2614 679 2674 a
701 2613 770 2675 leur
792 2613 906 2695 profit,
931 2613 957 2676 si
981 2636 1041 2698 que
1065 2615 1150 2698 desja
1173 2615 1213 2679 ils

60 2721 257 2804 insultoyent
280 2721 299 2782 a
321 2719 405 2782 leurs
430 2717 572 2781 ennemis
595 2738 633 2781 eu
664 2720 754 2781 tonte
784 2717 1017 2801 le[99]lounie:
1052 2721 1116 2784 lors
1146 2743 1214 2785 me·

61 2824 192 2890 moratis
212 2823 249 2887 de
271 2823 304 2887 la·
325 2821 379 2906 foy
402 2826 433 2885 et
448 2842 606 2905 promesse
624 2821 754 2899 donnde,
779 2827 811 2886 et
824 2827 901 2905 peut
916 2828 997 2889 estre
1013 2826 1214 2891 considerant

627 2943 644 2982 a

61 3035 198 3112 biertas‚
221 3032 347 3117 parecia
369 3053 430 3115 que
453 3031 546 3095 aviau
570 3032 607 3096 de
629 3054 679 3096 ser
701 3054 797 3097 causa
819 3032 856 3097 de
879 3035 1015 3118 grandes
1039 3035 1211 3100 sediciones

59 3140 282 3224 yalborotos:
310 3137 414 3202 ambio
445 3140 587 3201 estonees
609 3140 736 3200 vuestra
759 3137 924 3223 Magestad
947 3140 1039 3204 sobre
1062 3140 1124 3204 ello
1147 3163 1213 3206 em·

59 3244 229 3309 baxadores
253 3242 345 3306 desde
367 3241 508 3324 Espaira,
543 3263 601 3324 por
633 3242 681 3304 los
712 3242 820 3325 quales
855 3243 978 3307 declaro
1014 3267 1074 3328 que
1098 3266 1138 3308 no
1163 3268 1212 3309 re·

59 3348 177 3415 busava
200 3371 261 3433 que
283 3370 316 3412 se
334 3348 498 3431 juntassen
524 3347 660 3410 arbitros
684 3347 722 3411 de
751 3370 814 3411 una
846 3353 936 3431 parte
958 3373 980 3434 y
1003 3351 1040 3413 de
1071 3355 1158 3429 otra,
1191 3376 1213 3437 y

59 3478 116 3539 qne
139 3474 361 3541 comencassen
392 3452 540 3516 hombres
571 3452 679 3515 doctos
702 3452 860 3517 desseosos
884 3455 921 3518 de
944 3455 976 3519 la
999 3479 1057 3539 paz
1078 3481 1104 3541 y*
1122 3460 1212 3522 tran·

59 3560 200 3644 quilidad
224 3558 351 3643 publiea
373 3579 437 3621 nna
460 3578 529 3631 vez,
563 3556 748 3639 adisputar
779 3563 881 3622 cortes
904 3583 925 3644 y
948 3561 1214 3645 amigablemente

58 3668 156 3731 sobre
169 3666 202 3729 la
224 3646 369 3762 doctriua
391 3663 429 3727 de
451 3663 483 3726 la
506 3661 674 3746 Religion,
706 3684 846 3747 paraque
877 3665 1008 3748 despuas
1032 3667 1069 3730 de
1092 3669 1213 3732 abierto

58 3793 119 3854 por,
134 3770 214 3834 ellos
237 3768 267 3832 el
289 3768 413 3833 camino
435 3790 457 3853 y
478 3767 638 3831 mostrado
661 3789 700 3830 eu
724 3790 784 3851 que
800 3791 832 3832 se
850 3770 921 3852 [16]
938 3771 1053 3854 podian
1070 3773 1211 3849 acordar,

59 3876 86 3941 la
117 3876 323 3941 confirmasse
354 3878 479 3938 vuestra
502 3873 668 3958 Magestad
704 3894 763 3937 con
798 3896 835 3937 su
870 3876 1036 3940 antoridad
1067 3901 1089 3961 y
1121 3899 1211 3940 man·

59 3982 227 4047 damieuto.
260 3979 404 4064 Algunos
429 4000 527 4042 meses
550 3978 680 4061 despues
704 3978 860 4062 passando
876 4001 935 4063 por
953 3980 1094 4059 Francia,
1117 3985 1211 4045 torno

60 4087 234 4151 tl'landes
266 4089 393 4149 vuestra
414 4083 594 4168 Magestad:
624 4106 757 4169 ycomo
790 4107 829 4148 en
862 4086 987 4169 aquella
1018 4108 1109 4150 saron
1134 4109 1152 4149 a
1175 4108 1211 4149 su

60 4192 169 4255 venida
191 4190 326 4276 algunos
349 4190 496 4254 hombres
519 4190 679 4274 inquietos
694 4213 716 4275 y
731 4190 914 4255 bulliciosos
930 4191 1021 4255 avian
1038 4214 1079 4276 ya
1094 4191 1212 4256 echado

61 4317 108 4360 sus
130 4297 247 4361 ciertos
271 4296 495 4360 fundamentos
519 4295 556 4358 de
579 4316 694 4379 guerra
717 4295 790 4360 civil
812 4318 871 4379 por
886 4296 1063 4373 Alemania,
1087 4318 1109 4378 y
1132 4317 1210 4379 peu-

62 4420 152 4467 tavau
177 4423 238 4486 que
262 4400 386 4486 aquella
409 4407 465 4466 tau
488 4402 629 4467 estrecha
652 4403 816 4486 compafiia
838 4403 876 4467 de
898 4406 1024 4467 vuestra
1046 4400 1212 4487 Magestad
