2850 5018
695 338 737 399 94

137 506 317 574 Bonifecius
347 515 474 588 autem,
507 532 645 593 quanam
678 509 730 572 via
754 510 898 592 pervenit
922 511 955 575 iu
978 492 1062 576 ovile
1069 513 1085 574 'l
1130 511 1215 578 Sane
1237 537 1288 598 pcr

135 613 204 678 loca
225 615 331 691 devia,
361 637 416 697 per
439 614 600 679 anfractus
624 619 656 678 et
678 615 816 678 lacunae.
863 615 929 680 Nec
952 617 1036 680 enim
1063 618 1096 680 in
1119 620 1205 684 ovile
1229 621 1289 684 fuit

135 719 306 804 ingressuS,
330 741 439 783 verum
455 721 487 784 in
504 722 686 803 speluncam
703 727 734 782 et
751 718 884 805 asyllum
900 721 1094 786 nefariorum
1112 722 1286 803 hominum,

134 823 167 887 in
191 824 269 886 illud
292 824 397 906 ipsum
420 828 564 900 antrum,
598 825 631 888 in
663 846 725 907 quo
748 825 876 888 taudem
899 847 1066 909 oppressus
1089 827 1130 890 ab
1154 827 1287 894 Hercule

135 927 234 1003 Cacus
258 929 476 992 incredibilem
499 929 611 992 vicinis
635 929 754 992 circum
772 929 897 1012 populis
913 930 1024 994 attulit
1040 932 1198 996 laeritiam.
1231 933 1286 998 At·

135 1039 259 1111 tamen,
282 1035 353 1118 quis
378 1034 440 1097 fuit
463 1034 549 1097 illius
573 1035 610 1098 ad
635 1034 694 1098 hoc
717 1056 771 1098 seu
794 1034 877 1098 ovile
899 1056 954 1098 seu
976 1042 1106 1100 antrum
1129 1038 1237 1102 aditus
1260 1043 1287 1102 et

136 1141 320 1226 ingressus?
351 1139 438 1204 Num
452 1140 526 1204 vite
541 1140 752 1205 sanctimonia
775 1143 808 1203 ct
829 1141 1007 1205 eruditione
1029 1146 1063 1205 et
1085 1143 1207 1206 virtute
1229 1144 1285 1208 eli·

135 1268 198 1329 que
221 1245 387 1310 excellenti
409 1250 465 1309 aut
487 1245 638 1310 electione
661 1245 783 1309 sincere
805 1246 987 1310 conscendit
1009 1246 1048 1310 ed
1070 1268 1144 1310 eum
1157 1247 1284 1312 honoris

134 1352 292 1436 gradum?
316 1373 356 1415 en
381 1351 499 1414 invitus
522 1372 558 1413 eo
581 1356 757 1432 pertractus
779 1353 837 1425 est,
860 1353 897 1412 ut
918 1351 1047 1433 quidam
1063 1352 1201 1416 aliarum
1215 1373 1282 1435 pro-

135 1457 311 1522 vinciarum
332 1456 491 1539 episcopi,
515 1455 576 1518 viri
599 1455 726 1519 suncti?
771 1454 924 1530 Minime,
945 1456 1011 1519 sed
1035 1455 1150 1522 fraude
1172 1462 1206 1529 et
1230 1457 1284 1521 cir·

135 1562 356 1628 cumventione
378 1561 462 1625 viam
484 1561 545 1624 sibi
567 1559 726 1642 patefecit.
773 1559 901 1625 Certum
925 1560 985 1624 hoc
1007 1565 1072 1638 est,
1108 1583 1213 1644 neque
1236 1584 1281 1626 ne·

135 1668 205 1755 geri
229 1671 343 1750 potest.
388 1666 431 1730 Et
452 1688 548 1749 quom
571 1670 640 1729 erat
660 1665 780 1729 foedum
809 1664 954 1742 initium,
987 1669 1054 1729 tam
1077 1687 1208 1750 quoque
1228 1667 1285 1730 fuit

135 1775 239 1858 turpis
255 1772 499 1847 administratio,
523 1771 686 1853 superbuS,
710 1770 966 1846 contumeliosus,
989 1772 1216 1850 intolerabilis,
1240 1794 1283 1836 re·

134 1901 212 1964 gum
235 1883 268 1944 et
291 1879 516 1961 imperatorum
540 1880 710 1960 perpetuus
733 1876 851 1954 hostis,
883 1877 970 1959 cujus
998 1882 1031 1940 ct
1054 1878 1284 1962 ignominiosus

135 1986 200 2050 fuit
221 1984 379 2050 interitus,

223 2090 286 2154 Hic
318 2093 385 2152 tam
418 2110 483 2152 non
516 2086 719 2171 poenitendus
752 2087 863 2170 patriae
892 2091 984 2171 pater
1015 2088 1176 2152 decretum
1210 2088 1280 2152 illud

137 2196 298 2269 sollemne,
322 2192 409 2275 cujus
429 2195 522 2257 antea
538 2192 749 2269 meminimus,
773 2191 923 2276 praecepit
945 2192 1093 2257 omnibus
1117 2193 1282 2256 observan-

702 2313 719 2351 e

222 2405 295 2468 Wie
329 2403 372 2467 ist
400 2401 475 2467 aber
496 2401 680 2466 Bonifacius
712 2402 745 2465 in
770 2401 935 2466 schafstall
958 2403 1096 2465 humen?
1143 2401 1206 2465 Nit
1228 2402 1281 2465 den

134 2511 262 2577 rechten
284 2529 374 2592 weg,
408 2509 492 2571 denn
525 2528 557 2569 es
589 2507 631 2569 ist
659 2507 740 2572 auch
770 2508 854 2591 lreyu
876 2507 1060 2584 scheistull,
1095 2508 1215 2570 sonder
1236 2507 1282 2570 ein

133 2616 258 2682 morder
279 2614 372 2700 guib,
396 2612 482 2676 Aber
505 2611 648 2676 dennoch
672 2613 731 2677 wie
752 2613 796 2677 ist
811 2597 845 2676 er
860 2614 956 2677 hinzd
972 2613 1145 2676 kommen?
1179 2611 1281 2676 Durch

134 2722 272 2808 lugent?
295 2719 394 2784 durch
417 2719 504 2782 seine
526 2719 614 2782 lere?
637 2718 736 2788 durch
760 2719 811 2782 ein
832 2719 923 2782 erber
937 2717 1156 2803 gotsfdrchtig
1172 2716 1284 2781 leben?

133 2827 234 2892 durch
256 2825 362 2889 rechte
384 2823 606 2906 cupartische¹
640 2825 746 2888 wahl?
782 2824 838 2888 hat
867 2847 958 2888 mans
990 2824 1033 2886 im
1066 2817 1197 2886 mlissen
1230 2844 1282 2886 an·

133 2933 283 3016 tringen,
315 2930 375 2993 wie
406 2928 544 2993 etlichen
573 2929 693 2992 anderu
724 2929 846 2993 fromen
871 2929 1040 2993 Bischtfeu
1069 2922 1127 2992 vor
1161 2928 1282 2992 zeiten?

135 3037 199 3103 Gar
222 3033 305 3100 nit².
351 3033 424 3097 Wie
454 3033 564 3097 deun?
596 3034 694 3097 durch
725 3035 869 3098 zauberei
901 3037 966 3099 und
990 3034 1219 3098 Necromancei
1246 3033 1283 3094 ist

132 3165 167 3207 er
188 3142 284 3206 derzri
306 3141 438 3216 komen,
469 3139 523 3202 das
547 3140 590 3202 ist
613 3139 680 3203 sein
704 3140 859 3224 eingeng,
891 3141 956 3203 und
979 3141 1024 3203 ist
1046 3137 1282 3202 onverncinlich

134 3272 208 3315 war.
248 3247 320 3311 Wie
342 3245 399 3309 hat
422 3268 456 3309 er
478 3245 553 3308 aber
576 3247 626 3308 ein
650 3245 741 3308 leben
765 3241 912 3330 gestiret?
950 3244 1059 3320 Stoltz,
1085 3240 1281 3327 hochmirtig,

132 3359 265 3435 ontrew,
288 3351 405 3434 trttzig
427 3372 528 3435 gegcn
552 3352 731 3434 yederman,
760 3351 840 3416 auch
862 3373 964 3436 gegen
988 3352 1074 3413 seine
1098 3345 1281 3425 mitbrdder,

133 3460 184 3524 die
206 3458 365 3532 (lardiniil,
389 3477 490 3540 gegeu
514 3455 626 3519 Keiser
648 3457 712 3520 und
729 3456 846 3541 Kdnig,
872 3458 936 3519 und
960 3457 1152 3532 dermassen,
1177 3456 1282 3519 deser

133 3564 213 3629 cuch
236 3584 292 3628 vor
314 3584 454 3647 grossem
478 3562 585 3641 onlust
615 3561 678 3623 und
710 3563 839 3646 rachgir
868 3562 1060 3646 gestorben,
1092 3561 1219 3626 dieweil
1252 3581 1282 3623 er

132 3669 199 3735 sich
224 3690 326 3754 gegen
347 3669 419 3732 dem
441 3665 549 3751 K'onig
572 3668 632 3730 aull
657 3666 885 3744 Franckreich,
919 3689 980 3730 von
1013 3667 1084 3730 dem
1114 3689 1150 3729 er
1173 3687 1280 3730 onver·

134 3775 297 3840 sehenlich
321 3774 374 3837 des
404 3773 515 3837 nachts
549 3775 609 3836 aull
641 3773 712 3835 dem
744 3772 858 3837 schleff
887 3772 1065 3858 gewecket,
1102 3769 1280 3857 gefcnglich

134 3881 262 3964 hinweg
285 3874 409 3963 geldret
430 3881 495 3942 und
518 3878 667 3962 gehalten
696 3876 790 3953 ward,
814 3878 864 3941 nit
887 3879 1000 3941 rechen
1023 3876 1142 3941 mocht.

134 3985 226 4049 Diser
248 3983 383 4067 heiliger
406 3981 504 4048 Vater
527 3982 584 4046 hat
607 3982 769 4066 obgenant
792 3983 885 4046 Edict
915 3983 1077 4067 gemacht,
1113 3983 1181 4046 und
1213 3981 1280 4044 wie·

132 4090 195 4155 wol
217 4089 320 4154 seiner
343 4089 486 4153 vorlaren
511 4089 626 4152 etliche
642 4089 687 4152 vil
702 4089 799 4152 dalrin
815 4088 1004 4172 getrachtet,
1028 4087 1109 4152 euch
1126 4092 1277 4171 gnugsau

133 4195 231 4259 durch
256 4194 302 4258 ire
325 4195 479 4259 Decreten
503 4197 541 4258 zri
563 4194 729 4258 verstehen
752 4194 864 4278 geben,
888 4195 998 4257 deses
1022 4194 1094 4275 [61]
1120 4193 1189 4257 dise
1207 4191 1277 4256 mei·

208 4425 218 4481 l
239 4423 441 4495 onperteische.
513 4423 530 4475 2
549 4421 598 4476 lch
615 4421 691 4476 halts
710 4420 754 4475 nit
771 4422 844 4476 steht
864 4420 896 4476 G.
915 4438 943 4475 n
