2850 5018
488 399 491 406 -
604 356 664 420 175

51 532 152 616 paulo
174 530 331 616 prolixior
351 550 418 594 esse
440 529 585 608 videtur,
620 529 701 595 dabo
732 534 839 594 tamen
869 551 1018 615 operam,
1052 532 1089 593 ut
1123 532 1212 594 extra

53 639 255 722 propositum
278 635 361 700 nihil
384 635 537 700 adferam.

52 741 175 806 Praeter
199 743 318 806 multas
340 745 372 804 et
401 740 642 805 florentissimas
673 740 828 816 dieiones,
861 740 991 824 ingenio
1023 743 1055 803 te
1086 760 1212 822 quoque

52 847 139 912 Deus
165 849 293 912 ornavit
316 847 502 922 excellenti,
538 844 662 923 Caesar,
698 845 743 909 sie
773 849 809 908 ut
841 845 926 909 inter
949 844 1060 909 heroas
1084 845 1155 908 illos
1179 847 1211 908 et

54 954 175 1036 priseos
199 953 405 1034 imperatores
428 951 544 1014 merito
568 951 679 1014 debeas
701 950 870 1014 numerari.
918 949 987 1026 Quo
1017 950 1119 1034 magis
1149 949 1210 1012 mi-

55 1082 127 1124 rum
150 1057 250 1122 videri
273 1059 387 1140 potest,
412 1076 468 1119 our
491 1078 511 1119 a
532 1059 598 1119 tam
621 1054 731 1118 multis
755 1075 840 1118 nune
863 1055 955 1118 annis
975 1054 1056 1118 nihil
1073 1053 1209 1138 amplius

54 1165 88 1227 in
113 1163 174 1227 hae
196 1182 291 1226 oausa
311 1161 497 1243 perfeceris,
522 1161 697 1244 praesertim
721 1182 792 1224 oum
816 1161 886 1224 fieri
908 1181 972 1223 non
995 1161 1106 1244 possit,
1131 1159 1209 1242 quin

54 1271 154 1354 longo
176 1289 285 1330 rerum
306 1288 365 1329 usu
388 1266 490 1329 multa
512 1265 673 1330 didiceris„
701 1263 905 1329 Voluntatem
930 1265 1056 1347 quidem
1080 1275 1112 1328 et
1135 1285 1209 1327 eon-

55 1374 129 1437 silia
146 1376 256 1436 nostra
270 1370 356 1435 Deus
379 1371 412 1434 in
436 1391 492 1434 sua
515 1370 668 1453 ma[P]nu
691 1368 840 1452 possidet,
865 1391 983 1447 verum,
1008 1369 1034 1432 si
1054 1367 1209 1451 judicium

56 1481 233 1562 spectemus
256 1475 389 1539 rationis
412 1479 445 1538 et
468 1475 603 1538 civiliter
634 1475 818 1557 loquamur,
854 1475 1005 1558 apparet,
1039 1473 1155 1538 idcireo
1178 1478 1210 1538 te

34 1581 219 1646 remissius
248 1601 361 1665 agere,
395 1579 479 1662 quod
512 1578 656 1663 pontifici
685 1578 829 1642 Romano
863 1579 905 1642 sis
934 1579 1095 1664 obligatus
1122 1581 1209 1662 jure-

55 1685 201 1769 jurando,
217 1689 250 1749 et
264 1685 347 1768 quod
359 1685 442 1749 nihil
457 1685 522 1749 fere
537 1706 732 1749 commovere
746 1685 848 1768 possis
865 1688 921 1748 aut
935 1685 1114 1762 immutare,
1131 1686 1209 1769 quin

58 1791 149 1854 illam
172 1789 323 1854 offendas.
370 1790 460 1866 Quod
484 1790 510 1852 si
534 1790 581 1854 ita
604 1795 667 1866 est,
691 1789 866 1872 optandum
888 1790 931 1852 sit
953 1790 987 1852 in
1010 1790 1142 1873 primis,
1174 1795 1212 1855 ut

58 1918 155 1960 exea
177 1899 211 1958 te
238 1895 389 1958 servitute
420 1915 529 1958 rursus
561 1894 594 1957 in
628 1893 808 1958 libertatem
842 1915 1005 1958 assereres.
1052 1893 1210 1960 Callidum

59 2000 156 2064 fuisse
179 2004 307 2085 oportet
328 2022 364 2064 ao
386 1999 577 2064 mirabiliter
600 1999 765 2083 providum
789 1997 955 2076 Satanam,
989 1999 1044 2081 qui
1076 2021 1143 2063 rem
1174 2023 1210 2066 eo

59 2106 198 2171 deduxit.
245 2104 505 2190 Investigandum
529 2109 576 2168 est
599 2105 708 2188 igitur,
732 2125 802 2186 quae
823 2105 866 2166 sit
889 2102 982 2186 hujus
1000 2104 1211 2188 jurisjurandi

60 2212 150 2290 ratio,
161 2243 164 2245 ·
176 2209 333 2294 quomodo
356 2214 468 2273 natum
490 2211 532 2274 sit
548 2214 580 2273 et
594 2213 802 2292 usurpatum
826 2231 915 2272 exeo
931 2213 1041 2292 postea
1056 2209 1213 2292 liquidum

630 2329 648 2368 a

61 2420 150 2484 dweil
174 2418 226 2482 die
248 2418 449 2504 gelegenheit
470 2417 534 2481 und
557 2418 674 2502 gestalt
697 2419 750 2482 des
772 2418 968 2502 Arguments
990 2416 1125 2500 fordert,
1150 2443 1207 2485 an·

62 2524 196 2608 zeignng
220 2523 390 2588 derhalben
414 2526 452 2587 zh
475 2523 565 2585 than.
874 2601 905 2617 f

146 2626 192 2691 Es
219 2627 277 2691 hat
300 2626 363 2690 Got
386 2628 440 2691 der
472 2627 662 2711 almechtig,
697 2628 805 2691 neben
830 2649 865 2691 so
896 2629 1210 2716 vilKi'anigreiohen,

61 2732 93 2797 Ε
118 2733 163 2798 M.
190 2732 272 2796 auoh
296 2733 356 2796 mit
376 2732 500 2796 soloher
521 2733 683 2796 vernunfft
706 2733 771 2796 und
802 2734 951 2797 verstand
986 2735 1129 2820 begabt,
1158 2738 1213 2801 das

62 2836 94 2902 Ε.
111 2837 156 2901 Μ.
181 2837 282 2900 under
297 2837 433 2900 anderen
450 2836 690 2901 hoohli'sblichen
708 2837 898 2902 Rhmischen
916 2839 1076 2919 Kaisaren,
1101 2842 1212 2907 billich

62 2963 133 3026 mag
157 2935 326 3026 gerhiimet
347 2943 411 3006 und
435 2942 582 3027 geprisen
606 2943 740 3006 werden.
787 2942 834 3007 Ist
862 2944 1031 3009 derhalhen
1065 2947 1213 3013 hoehlieh

61 3051 97 3111 at
118 3046 355 3124 verwunderen,
379 3045 521 3110 warumb
536 3045 572 3110 Ε.
589 3046 633 3110 Μ.
657 3047 774 3110 seither
797 3069 831 3111 so
855 3049 900 3112 vil
919 3050 1024 3132 jaren,
1045 3052 1095 3115 nit
1117 3057 1212 3117 etwas

62 3151 152 3216 mehr
175 3150 241 3213 und
264 3151 378 3229 freiar,
400 3152 434 3214 in
458 3151 541 3216 diser
563 3152 678 3216 sachan
702 3153 874 3238 gehandelt
896 3155 968 3232 hat,
993 3155 1084 3219 dweil
1107 3178 1139 3220 es
1163 3159 1214 3220 nit

61 3256 121 3320 wol
145 3256 259 3319 anders
281 3258 421 3341 moglioh
444 3259 495 3336 ist,
519 3257 555 3322 E.
573 3257 615 3321 M.
633 3261 704 3322 miss
722 3258 839 3322 seither
855 3260 899 3323 vil
914 3260 1008 3344 ‹lings
1023 3261 1213 3343 gemerehet,

62 3363 206 3446 galernet
240 3361 304 3425 und
338 3361 485 3426 erfahren
516 3362 628 3426 haben.
675 3362 737 3428 Wo
770 3387 815 3428 nu
844 3364 1013 3429 eusserlioh
1036 3364 1149 3428 hievon
1174 3372 1213 3432 ah

61 3469 155 3531 reden
178 3467 222 3530 ist
245 3467 343 3551 (dean
360 3465 422 3532 Got
445 3468 502 3532 hat
523 3489 637 3555 ansere
659 3468 840 3553 gedanohen
865 3471 928 3533 und
953 3469 1029 3533 alles
1052 3469 1085 3532 in
1110 3471 1213 3535 seiher

62 3571 158 3656 hand)
181 3592 217 3634 so
241 3572 388 3636 roheinet·
404 3594 437 3635 es
460 3572 526 3636 und
548 3571 605 3635 hat
627 3572 699 3654 [27]
729 3593 839 3657 grosse
871 3575 1083 3657 vermhtung,
1121 3574 1214 3639 dweil

62 3675 95 3740 Ε.
120 3677 164 3740 M.
190 3676 260 3740 dem
283 3677 384 3761 Bapst
406 3678 466 3740 mit
489 3677 549 3741 ΕΜ
572 3677 730 3762 zhgethon
755 3678 813 3757 ist,
846 3680 910 3742 und
927 3677 997 3741 ¹(las
1027 3678 1072 3740 sie
1095 3699 1136 3741 on
1160 3679 1213 3744 des

63 3782 177 3866 Bapsts
201 3781 340 3845 nachteil
370 3781 434 3845 und
459 3782 656 3867 misgefallen
682 3783 783 3847 schier
802 3783 895 3847 -niohs
918 3785 951 3846 in
976 3783 1075 3846 disem
1098 3784 1213 3848 handel

63 3884 157 3952 thren
181 3886 263 3951 nooh
283 3887 459 3972 angreiffen
483 3887 556 3965 han,
579 3887 635 3952 'das
659 3889 764 3953 solchs
779 3890 815 3953 E.
833 3889 876 3953 Μ.
902 3888 952 3951 nit
968 3875 1077 3973 ¹wenig
1099 3890 1212 3973 anligt.

64 3991 123 4057 Wo
146 4014 192 4056 nu
214 3991 285 4054 dem
308 3991 375 4056 also
398 3993 451 4070 ist,
473 4014 555 4056 were
577 3993 725 4058 hoohlioh
746 3998 783 4058 nh
807 3994 988 4070 wflnsohen,
1013 4014 1046 4056 es
1068 3993 1122 4056 het
1146 3993 1214 4057 siah

64 4095 96 4160 Ε.
121 4096 166 4161 Μ.
192 4117 249 4161 ans
273 4097 370 4160 disem
395 4098 602 4180 eigenthumb
626 4099 777 4183 hagaben,
804 4100 870 4163 und
892 4099 927 4162 in
949 4098 1079 4161 freiheit
1101 4099 1213 4162 wider-

64 4203 137 4265 umb
153 4204 295 4266 errettet.
327 4201 368 4264 Es
391 4206 469 4267 mhs‘
486 4201 610 4267 freilieh
634 4202 684 4266 ein
709 4204 833 4289 listiger
848 4203 944 4267 Satan
968 4225 1110 4287 genesen
1133 4204 1213 4282 sein,

65 4306 117 4369 der
138 4329 172 4370 es
195 4304 292 4369 dahin
323 4308 489 4389 praetioirt
521 4308 585 4371 hat.
633 4307 775 4373 Darumb
805 4310 863 4372 ists
894 4307 1069 4392 hoehnhtig
1097 4314 1135 4373 ah
1165 4331 1214 4372 er·

65 4431 188 4498 wagan,
218 4412 278 4477 wie
296 4398 334 4476 es
356 4414 431 4478 amb
455 4415 542 4477 disen
566 4412 625 4478 ΕΜ
649 4415 719 4478 eine
741 4414 860 4500 gestalt
890 4413 993 4478 haben
1025 4435 1113 4499 mag,
1149 4413 1215 4479 und
