2850 5018
671 318 732 380 184

125 493 226 576 rgrtur
249 492 335 554 certo
356 487 498 565 statuite,
522 487 644 553 nullam
659 511 717 553 nos
732 488 894 554 subituros
909 490 1104 570 servitutem,
1128 492 1185 557 sed
1208 514 1275 559 eum

125 618 192 660 esse
215 594 397 659 defensuros
420 595 534 670 locum,
558 595 614 677 qui
636 595 728 658 nobis
749 594 847 658 veluti
869 617 925 678 per
947 618 1061 661 manus
1076 601 1125 661 est
1140 599 1275 663 traditus

126 724 145 765 a
168 699 340 783 majoribus
356 699 486 775 nostris,
510 721 610 783 neque
625 700 785 783 patiemur
802 699 969 784 quicquam
984 701 1145 766 libertatis
1160 709 1275 769 nostrae

126 805 219 869 nobis
241 804 332 888 eripi.

127 908 207 974 Cum
229 910 267 973 ad
291 931 362 974 eum
380 909 507 972 modum
524 915 700 973 crescerent
715 909 865 992 utrinque
880 909 1110 987 contentiones,
1134 911 1275 995 pontifex

127 1037 192 1080 non
214 1015 307 1079 modo
331 1035 394 1078 non
417 1014 552 1099 urgebat
575 1015 760 1078 institutum
782 1036 884 1091 suum,
908 1013 961 1078 sed
981 1014 1132 1098 quiequid
1148 1017 1276 1081 omnino

127 1121 167 1185 ad
190 1119 414 1183 contumeliam
436 1122 469 1181 et
491 1118 640 1201 injuriam
664 1116 820 1182 Gaesarum
845 1118 1029 1203 spectabat,
1064 1119 1099 1182 in
1131 1141 1168 1184 eo
1198 1121 1278 1185 nihil

128 1224 403 1309 praetermittebat.
449 1221 533 1286 Nam
564 1226 597 1286 et
627 1223 784 1286 Henricus
814 1227 965 1306 quartus,
998 1226 1032 1287 et
1061 1224 1216 1306 quintus,
1249 1229 1278 1290 et

130 1329 308 1394 Fridericus
340 1329 482 1412 primus,
516 1333 549 1391 et
577 1329 644 1411 ejus
666 1350 684 1390 e
705 1328 772 1391 filio
795 1350 892 1413 nepos
915 1328 1092 1393 Fridericus
1116 1330 1277 1407 secundus,

129 1439 161 1500 et
184 1435 277 1517 hujus
307 1439 397 1517 pater
420 1433 607 1518 Philippus,
632 1436 663 1497 et
686 1432 855 1512 Albertus,
879 1440 912 1498 et
934 1433 1091 1498 Henricus
1113 1434 1275 1518 septimus,

129 1544 162 1605 et
183 1539 360 1604 Ludovicus
384 1537 542 1616 Bararus,
565 1537 701 1602 Caesares
723 1560 869 1616 omnes,·
886 1560 951 1603 non
974 1539 1105 1603 obscure
1127 1543 1206 1603 sunt
1228 1561 1276 1604 ex·

131 1644 224 1728 perti,
250 1665 344 1727 quam
366 1643 410 1705 sit
430 1643 555 1707 effrenis
578 1648 610 1707 et
632 1643 789 1708 indomita
810 1649 843 1708 et
857 1645 986 1729 ingrata
1000 1641 1104 1730 bellua
1117 1645 1277 1709 mendicus

132 1749 248 1833 aliquis
271 1748 499 1832 locupletatus,
533 1748 655 1831 experti
676 1753 772 1826 sunt',
807 1757 903 1832 quam
924 1748 1117 1813 virulentam
1139 1749 1278 1833 viperam

132 1855 266 1938 majores
289 1854 429 1937 ipsorum
448 1854 641 1931 educassent,
665 1858 697 1917 et
711 1857 865 1936 tanquam
881 1853 914 1917 in
930 1855 1003 1917 sinu
1017 1853 1185 1930 fovissent,
1209 1854 1278 1917 dum

133 1958 279 2043 episcopo
303 1958 448 2023 Romano
470 1958 624 2041 paulatim
647 1958 843 2042 largirentur
873 1958 997 2035 omnia,
1028 1980 1185 2041 suumque
1215 1961 1277 2021 stu·

132 2063 219 2127 dium
242 2085 334 2128 omne
357 2063 537 2128 conferrent
559 2062 598 2126 ad
620 2062 876 2145 amplificandum
905 2062 998 2126 illum
1028 2066 1061 2126 et
1092 2064 1279 2128 ornandum.

220 2168 393 2233 Germanos
416 2191 490 2233 vero
512 2169 648 2234 Caesares
671 2172 823 2251 perpetuo
853 2189 1062 2253 repugnasse,
1098 2190 1202 2251 neque
1226 2189 1278 2232 ro·

132 2272 226 2338 luisse
248 2273 328 2338 illud
348 2274 554 2358 jurisjurandi
576 2274 738 2338 vinculum
761 2273 877 2350 subire,
900 2277 1053 2356 tanquam
1074 2295 1142 2337 rem
1160 2294 1279 2350 novam

699 2394 716 2431 *

134 2481 314 2567 Subjection
339 2485 413 2549 oder
436 2483 643 2568 cigenthumb
665 2488 704 2548 zlr
724 2481 865 2567 begeben
887 2483 1028 2567 gemeint
1049 2484 1142 2560 sind,
1171 2483 1278 2548 sonder

134 2588 189 2652 das
218 2589 277 2651 wir
308 2590 358 2653 ‹lie
387 2588 559 2666 Oberkeit,
593 2611 627 2652 so
663 2589 761 2652 durch
785 2586 896 2651 Gottes
924 2587 1101 2671 fursehung
1131 2587 1198 2651 und
1228 2587 1279 2651 be-

134 2693 307 2778 schiclrung
330 2717 371 2758 an
393 2717 452 2759 uns
475 2695 607 2780 gelangt
635 2695 694 2771 ist,
726 2694 787 2758 frei
809 2692 874 2756 und
897 2691 1015 2756 rellich
1037 2693 1221 2777 gedeucken
1242 2695 1279 2756 zu

132 2797 313 2874 brauchcn,
348 2799 407 2862 wie
437 2820 550 2863 unsere
577 2798 706 2863 vorfarn
737 2819 793 2861 vor
823 2799 952 2860 tausent
983 2796 1047 2860 und
1080 2797 1173 2860 mehr
1191 2796 1277 2879 jaren

134 2901 253 2987 gethan
275 2901 389 2966 haben.

221 3008 271 3072 Da
293 3008 336 3072 ist
358 3009 412 3073 der
436 3008 547 3073 unwill
570 3008 713 3074 allererst
737 3008 826 3072 recht
847 3028 1035 3092 angangen,
1071 3007 1111 3070 da
1143 3008 1201 3072 hat
1228 3008 1280 3072 der

136 3112 238 3198 Bapst
259 3113 309 3176 nit
331 3113 427 3177 allein
450 3115 518 3177 auff
537 3114 598 3177 den
620 3113 680 3178 Eid
703 3113 898 3198 gedrungen,
925 3113 1038 3175 sonder
1060 3113 1143 3177 auch
1163 3135 1229 3178 was
1251 3134 1281 3176 er

136 3219 196 3282 den
219 3218 369 3282 Keiseren
393 3219 449 3284 hat
471 3225 585 3303 mogon
608 3223 647 3283 nir
671 3223 752 3282 trotz
774 3218 838 3281 und
862 3219 1019 3300 entgegeu
1049 3216 1152 3295 rhun,
1188 3218 1283 3281 daran

135 3322 192 3386 hat
214 3346 248 3387 er
271 3324 376 3386 nichts
403 3328 558 3408 gesparet.
604 3323 646 3387 Es
678 3323 780 3386 haben
804 3320 915 3385 Keiser
939 3320 1093 3385 Heinrich
1124 3322 1180 3385 der
1212 3322 1282 3396 drit,

136 3427 247 3490 Keiser
262 3426 425 3492 Fridcrich
447 3429 503 3492 <ter
517 3432 592 3505 crst,
616 3429 681 3492 und
698 3429 753 3491 der
768 3427 858 3491 aweit
874 3427 926 3490 des
939 3446 1080 3502 nameus,
1104 3425 1283 3511 Hertzogen

137 3535 175 3595 uir
197 3530 387 3609 Schwaben,
419 3534 531 3598 Koiser
554 3534 726 3612 Heinrich,
750 3532 889 3616 Hertuog
912 3534 950 3595 aii
973 3529 1190 3615 Liitzelburg,
1224 3528 1283 3594 und

137 3637 248 3700 Keiser
270 3635 413 3722 Ludwig,
437 3639 577 3723 Hertzog
601 3639 634 3701 in
652 3638 784 3702 Baiereu
807 3638 868 3701 wol
892 3635 1066 3711 versichet,
1091 3635 1152 3699 wie
1175 3657 1208 3700 es
1230 3653 1283 3719 gar

137 3742 188 3805 ein
211 3743 307 3820 wild,
344 3744 583 3829 unverntinfftig
606 3745 671 3807 und
693 3742 900 3807 undanclrbar
923 3740 1008 3805 thier
1031 3740 1073 3803 ist
1096 3741 1175 3804 umb
1198 3740 1284 3803 einen

138 3846 222 3910 reich
245 3848 431 3933 gemachteu
454 3850 565 3927 betler,
589 3849 691 3913 haben
712 3849 771 3912 wol
795 3868 974 3923 vernomen,
997 3845 1056 3910 wie
1071 3845 1143 3909 eine
1158 3845 1281 3930 gifftige

139 3953 287 4037 schlang,
323 3954 368 4018 ire
400 3954 527 4018 vorlarn
550 3977 590 4018 nn
615 3954 658 4017 im
683 3975 815 4039 erzogen
837 3953 970 4028 hatten,
1006 3950 1045 4013 da
1068 3950 1115 4013 sie
1136 3950 1182 4013 im
1205 3949 1285 4014 einer

140 4080 214 4134 vor,
245 4059 299 4123 der
330 4059 427 4122 ander
459 4060 555 4138 nach,
590 4059 726 4122 imerdar
748 4066 844 4123 etwas
868 4054 1063 4120 nachliessen
1089 4055 1154 4119 und
1178 4054 1284 4119 schen-

140 4162 261 4227 clreten.
1042 4211 1045 4217 .

139 4267 204 4332 Das
226 4267 292 4331 sich
316 4291 360 4332 nu
383 4269 432 4339 die
455 4268 609 4334 Teutsche
632 4267 743 4333 Keiser
765 4267 888 4331 alleueit
910 4269 1069 4351 gewegcrt
1100 4265 1207 4329 haben
1230 4262 1284 4326 deu

140 4374 199 4439 Eid
222 4376 260 4439 afr
283 4374 365 4438 rhun
388 4374 493 4458 (dweil
515 4396 547 4439 es
570 4375 621 4438 ein
645 4374 796 4473 unerhhrt
819 4373 896 4457 ding
918 4371 998 4456 war)
1031 4371 1075 4434 ist
1104 4370 1208 4435 neben
1231 4389 1285 4432 an·
