2850 5018
685 373 745 437 147

98 609 101 614 ,
131 543 197 613 Vix
220 544 290 608 lata
311 544 482 623 sententia,
506 545 617 610 statim
639 550 749 610 exorta
771 551 846 611 sunt
869 548 962 625 bella,
987 551 1102 633 quibus
1125 552 1171 616 ita
1189 553 1301 633 fuisti,

132 648 249 727 Caesar,
273 649 455 733 impeditus,
485 654 522 715 ut
544 650 618 715 huie
640 673 741 716 causae
764 655 917 736 temporis
942 660 973 718 et
995 655 1052 718 otii
1075 657 1153 720 satis
1177 659 1216 722 ad
1240 660 1290 723 in·

132 759 334 820 crementum
356 760 539 837 superesset.
586 754 662 830 Quae
685 757 813 838 quidem
839 759 921 822 bella
944 761 1076 843 gerebas
1100 767 1210 827 contra
1233 786 1291 846 po·

135 860 352 923 lentissimum
375 859 499 923 hostem
523 882 578 943 per
600 883 700 924 annos
733 884 862 941 novem,
895 885 993 946 quem·
1012 866 1039 928 si
1062 871 1210 948 pacatum
1234 869 1291 933 ha·

134 964 279 1041 buisses,
314 964 407 1029 facile
429 970 555 1048 poteras
586 971 618 1029 et
649 971 705 1030 tuo
739 972 770 1031 et
802 968 979 1051 pontificis,
1016 993 1109 1053 quem
1141 973 1291 1051 tuebaris,

137 1069 294 1134 desiderio
316 1071 506 1136 satisfacere.
553 1069 637 1135 Nam
662 1073 842 1138 meminisse
866 1078 976 1156 potes,
1013 1081 1108 1158 atque
1141 1078 1293 1141 memoria

137 1179 301 1258 repetere,
336 1175 362 1238 si
386 1174 512 1238 nullum
534 1175 757 1240 intervenisset
780 1179 881 1261 majus
904 1178 1126 1259 obstaculum,
1161 1204 1202 1245 an
1227 1203 1290 1245 non

135 1281 235 1345 fueris
258 1282 330 1364 ipsa
351 1303 400 1359 re,
424 1280 506 1363 quod
531 1281 635 1344 verbis
658 1287 752 1345 antea
775 1284 910 1361 feceras,
942 1283 1177 1364 declaraturus,
1211 1309 1292 1370 prae·

137 1387 248 1451 sertim
274 1407 346 1449 cum
370 1387 402 1450 id
430 1386 582 1469 temporis
612 1408 667 1468 per
697 1390 824 1450 aetutem
853 1410 917 1452 non
953 1409 1058 1471 posses
1091 1390 1137 1453 rei
1168 1392 1292 1477 magni-

137 1491 284 1554 tudinem
307 1490 469 1574 pervidere
492 1494 603 1566 totam,
628 1494 660 1554 et
683 1491 723 1553 ab
746 1512 856 1554 eorum
880 1491 1030 1573 penderes
1054 1495 1208 1572 consili0,
1236 1497 1292 1578 qui

138 1596 319 1660 doctrinam
342 1595 423 1659 hanc
447 1595 580 1659 oderant
602 1594 816 1660 infestissime.
850 1595 940 1687 Certe
961 1597 1104 1680 plerique
1126 1621 1234 1664 omnes
1258 1601 1291 1667 in

138 1723 171 1764 ea
193 1704 275 1764 sunt
297 1699 478 1777 sententia,
512 1703 545 1763 te
574 1722 637 1764 non
662 1700 758 1764 fuisse
782 1700 963 1765 defuturum
987 1705 1198 1786 cxpectationi
1222 1706 1293 1788 plu·

138 1805 314 1883 rimorum,
345 1808 377 1868 et
400 1805 556 1888 pontificii
580 1827 688 1869 omnes
711 1828 766 1889 per
790 1806 1013 1885 Germaniam,
1047 1810 1170 1891 quoties
1193 1810 1293 1874 infor-

140 1911 240 1974 tunia·
255 1932 315 1975 sua
329 1909 507 1993 deplorant,
531 1911 647 1975 diserte
663 1912 884 1995 pronuntiant,
909 1935 958 1976 res
978 1935 1040 1978 uon
1057 1914 1153 1977 fuisse
1169 1937 1295 1980 casuras

140 2016 171 2079 in
194 2037 282 2092 eum,
307 2036 369 2097 quo
392 2036 477 2079 nunc
499 2021 589 2093 suut,
615 2016 735 2093 locum,
758 2018 786 2080 si
810 2039 873 2081 nou
898 2017 1043 2081 maximis
1067 2019 1133 2101 ipse
1157 2020 1295 2104 negotiis

142 2126 172 2185 et
194 2120 475 2185 inextricabilibus
499 2121 609 2184 fuisses
634 2121 824 2204 implicatus.

227 2225 437 2290 Constantem
463 2247 587 2308 quoque
610 2230 641 2289 te
663 2226 761 2290 fuisse
785 2227 819 2290 in
842 2226 900 2290 hac
924 2227 1097 2306 voluntate,
1124 2227 1174 2291 vel
1197 2249 1235 2292 ex
1258 2249 1294 2291 eo

143 2332 218 2396 satis
242 2336 396 2414 apparet,
431 2331 515 2414 quod
546 2331 638 2394 anuis
669 2332 810 2415 quinque
839 2334 912 2414 post
935 2331 1014 2395 illud
1038 2337 1129 2395 tuum
1155 2333 1295 2416 primum

143 2438 290 2515 edietum,
315 2436 349 2498 in
372 2458 408 2500 ea
430 2436 658 2518 pacificatione,
683 2459 776 2519 quam
796 2436 844 2518 [Μ
854 2436 917 2518 iiij]
937 2458 1009 2500 cum
1026 2436 1204 2500 Galliarum
1221 2458 1296 2523 rege

712 2559 729 2599 e

228 2646 272 2710 Es
295 2648 380 2711 ward
397 2647 432 2711 Ε.
451 2647 494 2713 Μ.
517 2648 578 2712 mit
600 2648 708 2730 kriegs
730 2648 795 2712 und
818 2649 955 2712 anderen
979 2646 1297 2732 widerwertigkeiten

144 2752 323 2816 dermasseu
346 2751 488 2830 beladen,
513 2752 568 2815 das
592 2752 767 2837 obgemelte
791 2753 864 2829 lere,
890 2753 923 2816 in
947 2753 1052 2816 mitler
1068 2752 1139 2829 zeit,
1163 2753 1295 2818 rhaums

143 2858 205 2921 und
228 2857 342 2921 weilen
365 2861 455 2942 gmig
477 2857 566 2921 hatte
587 2857 654 2920 sich
679 2858 914 2934 ausadbreiteu,
946 2857 1080 2922 welcher
1101 2858 1193 2944 krieg
1213 2861 1295 2925 auch

144 2962 190 3027 bis
213 2963 265 3026 ins
288 2963 411 3026 neunde
431 2962 481 3044 jar
504 2961 664 3046 gewehret
686 2961 752 3039 hat,
776 2963 855 3026 eben
879 2983 980 3046 gegen
996 2963 1109 3039 einem,
1134 2962 1189 3026 der
1204 2971 1295 3029 sunst

144 3065 177 3131 Ε.
201 3067 247 3132 Μ.
271 3088 331 3152 gar
352 3065 493 3130 ntitzlich
516 3066 580 3129 und
604 3065 771 3130 behilflich
795 3067 849 3130 het
871 3066 939 3129 sein
969 3073 1102 3151 rudgen,
1136 3067 1206 3130 dem
1237 3089 1292 3153 ge-

144 3171 406 3258 gebenen'urteil
429 3170 565 3234 thetlich
595 3171 841 3234 uechzukomen.
888 3170 980 3234 Denn
1003 3171 1038 3234 Ε.
1064 3170 1107 3234 Μ.
1141 3171 1197 3235 hat
1228 3174 1297 3238 sich

145 3282 180 3343 ab
202 3277 382 3352 eriuueren,
406 3297 454 3339 we
477 3275 629 3360 gemelter
646 3275 736 3358 krieg
752 3277 801 3339 nit
817 3274 1022 3360 vorgefalleu,
1044 3276 1110 3339 und
1127 3276 1181 3340 das
1197 3277 1234 3341 E.
1252 3278 1296 3343 Μ.

145 3388 233 3447 sonst
256 3381 335 3446 aller
366 3381 569 3466 obliegender
598 3380 793 3465 geschafften
825 3376 1005 3444 liberhaben
1041 3403 1183 3465 gewesen
1207 3406 1299 3463 were,

145 3489 182 3552 ob
204 3488 252 3552 sie
276 3487 336 3565 nit,
360 3488 407 3551 als
430 3487 480 3550 die
503 3486 646 3551 danumal
669 3487 702 3548 in
718 3486 782 3549 irer
794 3489 911 3571 jugent
926 3487 980 3550 der
996 3486 1113 3551 sachen
1129 3487 1299 3552 unberieht

145 3616 226 3672 war,
261 3593 326 3657 und
349 3592 479 3656 vileicht
507 3593 624 3656 meinet
647 3592 717 3656 dem
741 3591 864 3655 Herreu
888 3591 938 3655 ein
962 3591 1116 3676 gefallens
1140 3594 1238 3657 daran
1261 3598 1299 3659 zu

145 3699 237 3778 thun,
262 3699 317 3762 das
341 3697 435 3761 urtcil
460 3698 546 3761 hette
570 3697 682 3760 wblleu
706 3697 950 3760 volnstrecken‘?
989 3696 1031 3758 Es
1055 3698 1128 3760 wirt
1148 3699 1182 3778 ja
1204 3697 1299 3760 davor

145 3802 305 3887 gehalten,
329 3824 362 3866 es
384 3803 491 3867 wtirde
513 3802 549 3865 E.
571 3801 613 3868 M.
640 3803 689 3864 nit
712 3801 831 3887 geftlet
854 3801 968 3877 haben,
992 3803 1055 3865 und
1080 3801 1158 3865 eben
1182 3802 1241 3880 die,
1265 3824 1300 3866 so

146 3911 196 3974 des
220 3908 361 3973 nachtei]
385 3910 449 3972 und
474 3908 610 3971 schaden
634 3913 746 3990 mdgen
780 3907 903 3984 haben,
937 3908 1087 3991 beclagen
1121 3905 1205 3969 sichs
1235 3907 1300 3970 und

146 4014 319 4099 sprechen,
355 4035 386 4077 es
410 4014 516 4077 wurde
538 4013 588 4076 nit
611 4012 720 4076 stehen
746 4013 804 4076 wie
827 4034 858 4076 es
882 4013 943 4075 ieta
966 4010 1089 4087 stehet,
1124 4033 1171 4074 wo
1196 4009 1230 4073 Ε.
1257 4011 1299 4075 Μ.

147 4125 235 4186 sonst
258 4119 320 4183 mit
341 4120 481 4183 anderen
504 4117 698 4204 geschefften
723 4119 772 4180 nit
794 4140 876 4181 were
900 4116 1031 4181 beladen
1056 4137 1211 4199 geweseu.

235 4225 300 4289 Das
324 4224 405 4287 auch
428 4221 463 4309 Ε..
489 4224 531 4288 Μ.
555 4223 589 4286 in
614 4223 752 4286 selehem
777 4244 945 4286 vernemen
969 4221 1136 4297 beherret,
1164 4221 1205 4283 ist
1228 4220 1299 4284 dar-

148 4353 201 4396 aus
224 4330 388 4396 leichtlich
410 4330 625 4406 abzdnemeu,
660 4331 715 4392 das
747 4329 789 4391 im
822 4335 926 4391 ersten
958 4331 1105 4408 vertrag',
1140 4347 1173 4388 so
1197 4324 1231 4387 Ε.
1256 4324 1299 4387 Μ.

151 4439 208 4501 mit
232 4437 304 4500 dem
328 4435 437 4521 Kenig
459 4458 515 4499 aus
542 4435 753 4499 Franckreich
776 4433 1015 4520 auffgeriehtet,
1047 4431 1125 4494 eben
1149 4429 1235 4493 funff
1251 4430 1302 4512 jar

1039 4534 1094 4590 10*
