2850 5018
657 326 699 387 45

100 499 133 564 id
156 519 253 584 genus
278 498 350 563 aliis
378 496 579 581 proceribus,
615 496 730 580 quibus
753 516 810 559 nos
832 495 1044 579 propinabat,
1077 521 1142 563 non
1165 499 1249 564 deri·

98 605 215 669 dendus
237 605 350 680 modo,
380 602 434 666 sed
455 605 487 666 et
509 600 712 666 excoriandos
735 603 767 663 et
790 599 1007 681 dilaniandos,
1038 603 1152 687 quibus
1175 609 1248 668 tan·

96 733 194 794 quam
224 709 345 774 terreni
374 707 514 772 numinis
549 706 664 792 legatis
698 705 822 770 obviam
855 727 912 770 nos
944 709 1102 792 progressi
1134 730 1251 793 magua

95 814 211 878 laetitia
234 817 268 878 et
290 812 424 877 solemni
446 834 571 896 pompa,
595 811 721 889 nullum
743 831 808 873 nou
824 808 954 873 honoris
970 832 1006 875 ae
1022 811 1248 877 benevolentius

95 941 198 1004 genus
231 918 377 983 certatim
407 938 518 980 omnes
553 916 821 1000 impendebamus.
869 915 973 992 Quid,
1007 937 1048 979 an
1078 937 1142 979 non
1165 917 1250 981 istud

98 1029 145 1090 est
165 1026 326 1110 regnare?
372 1021 490 1087 Nullus
525 1021 588 1086 fuit
573 1025 751 1103 tunquam
774 1024 952 1104 tyrannus,
989 1021 1043 1103 qui
1075 1023 1251 1105 nequitiam

39 1184 41 1189 .
99 1136 130 1196 et
150 1129 395 1215 improbitatem
416 1149 505 1192 suam
528 1127 574 1191 ita
603 1125 788 1203 occultarit,
823 1128 859 1189 ut
891 1147 955 1189 non
987 1131 1170 1210 agnosceret
1171 1149 1250 1192 ura

97 1236 266 1352 potissima
287 1234 454 1298 hominum
476 1236 585 1317 parte,
617 1231 745 1296 sedt
703 1235 762 1295 rste
792 1252 897 1295 rerum
919 1230 1064 1294 dominus
1087 1236 1249 1317 grassatur

99 1340 348 1418 immanissime,
382 1361 446 1403 non
478 1361 534 1424 per
565 1337 823 1421 unamaliquam
846 1336 1073 1419 rempublicam
1097 1341 1248 1422 autpro·

101 1445 247 1525 vinciam,
272 1445 325 1509 sed
347 1467 404 1529 per
427 1465 553 1509 omnem
576 1444 641 1509 fere
663 1441 841 1526 Europam,
878 1445 910 1506 et
940 1444 1046 1506 10111011
1070 1464 1134 1506 non
1157 1442 1251 1508 modo

669 1565 688 1605 a

99 1656 203 1721 savoir
226 1656 280 1720 des
304 1678 404 1735 asnes,
429 1657 482 1720 des
498 1655 613 1720 vilains
636 1657 669 1718 et
691 1654 865 1733 mesebenS,
887 1653 940 1716 des
958 1673 1178 1736 maquereaux,
1199 1652 1252 1718 des

97 1760 276 1838 011101111οτ0,
301 1760 472 1841 muletiers,
496 1761 685 1846 bougerous,
701 1758 898 1836 bustelleurs,
922 1760 954 1821 et
968 1761 1073 1822 autres
1095 1762 1251 1842 satrapes:

97 1866 249 1950 ausquels
276 1888 340 1930 non
365 1865 539 1930 seulement
561 1864 585 1928 il
601 1887 681 1930 nous
704 1865 847 1949 exposuit
879 1886 959 1947 pour
996 1867 1078 1929 estre
1113 1886 1253 1947 moquez,

98 1973 171 2037 ains
194 1973 296 2054 quant
311 1972 343 2034 et
369 1973 469 2053 quant
491 1991 570 2052 pour
593 1974 675 2034 estre
697 1969 858 2035 eaeorohez
880 1972 912 2032 et
942 1969 1098 2034 deehirez:
1128 1991 1168 2034 au
1199 1969 1253 2034 de·

101 2082 182 2143 rant
205 2076 349 2161 desquels
371 2097 450 2139 nous
471 2075 585 2140 allions
608 2098 647 2141 en
668 2076 787 2161 grande
807 2075 880 2160 joye
898 2079 930 2139 et
944 2095 1058 2158 pompe
1073 2074 1254 2154 solennelle,
1343 2104 1346 2108 “

101 2205 225 2249 1101111110
240 2204 280 2247 au
305 2181 420 2247 deuant
443 2181 496 2245 des
525 2181 762 2246 ambessadeurs
785 2181 860 2245 d'uu
892 2181 962 2246 dieu
998 2182 1133 2244 terrien:
1172 2200 1252 2245 nous

100 2289 317 2374 employaus
306 2310 325 2351 a
341 2287 484 2352 l'enuie
472 2310 490 2351 a
510 2286 578 2350 leur
594 2287 673 2352 faire
694 2287 839 2352 honneur
853 2290 886 2350 et
901 2307 1029 2351 0010000
1060 2283 1142 2370 Ceoy
1156 2308 1178 2349 u
1179 2286 1254 2350 est·
1342 2270 1344 2275 ¹

99 2415 135 2458 00
169 2392 263 2477 point
296 2394 432 2476 regnerl
479 2391 607 2476 quues
644 2396 738 2477 tyran
776 2414 816 2457 ne
846 2392 941 2456 oaobu
976 2413 1016 2455 ou
1056 2391 1185 2476 deguisa
1217 2412 1253 2455 sa

99 2496 289 2563 mauvaistie
311 2519 328 2561 e
329 2496 634 2574 tmesohauoete,
610 2519 637 2560 s1
659 2519 720 2580 que
737 2497 769 2561 le
784 2496 856 2580 plus
873 2500 946 2580 part
932 2496 1006 2561 tdes
1022 2496 1093 2580 [21]
1111 2496 1254 2560 hommes

103 2603 177 2666 n'en
202 2601 249 2665 ait
269 2601 339 2665 rien
362 2623 485 2686 eoguu:
515 2604 596 2667 meis
620 2623 654 2666 00
676 2602 778 2687 grand
794 2605 826 2667 et
840 2624 985 2687 supreme
1005 2601 1167 2667 Monsieur
1188 2601 1255 2665 bri·

100 2706 207 2792 gande
246 2707 452 2772 oruellement
495 2729 560 2771 uon
597 2697 659 2792 ⁴per
697 2706 832 2792 quelque
865 2707 1064 2791 Republique
1101 2728 1141 2772 ou
1178 2726 1278 2790 pro··

102 2813 204 2892 vinee,
228 2813 298 2878 ains
320 2835 379 2896 par
400 2816 488 2878 toute
509 2812 657 2899 l'Europe
679 2815 699 2877 1
721 2835 782 2900 peu
797 2835 885 2897 pres:
910 2818 942 2878 et
967 2812 1160 2878 nonobstant
1183 2815 1256 2877 tant

670 2934 689 2973 „
729 2942 734 2950 .

100 3020 308 3086 ostentaoion.
333 3020 415 3087 Para
439 3026 506 3088 este
528 3044 565 3086 su
580 3022 659 3087 falsa
683 3023 873 3087 meroaderia
893 3046 914 3107 y
937 3021 1254 3108 nego-[134Joiaoion

103 3149 136 3191 se
159 3126 264 3190 servia
287 3126 325 3190 de
341 3127 568 3193 instrumentos
594 3151 669 3213 muy
692 3129 831 3213 propios,
858 3127 1005 3192 hombres
1021 3128 1173 3204 indoctos,
1196 3149 1249 3191 su-

101 3232 183 3309 0100,
209 3230 437 3316 grandissimos
468 3233 624 3310 vellaoos„
651 3234 838 3318 eluaguetes,
866 3233 1033 3309 uozineros,
1064 3232 1253 3311 azemileros,

101 3335 321 3413 Sodomitioos,
336 3358 357 3420 y
370 3336 532 3415 truhanes,
548 3361 569 3422 y
593 3342 680 3402 otros
704 3338 878 3403 eminentes
901 3339 1047 3403 hombres
1065 3338 1251 3422 semejentes

101 3464 121 3505 a
145 3445 247 3505 estus:
278 3464 298 3505 a
320 3443 368 3506 los
393 3443 501 3526 quales
524 3464 580 3507 nos
602 3446 775 3530 entregava
798 3467 839 3509 no
862 3446 1036 3510 solamente
1058 3465 1198 3527 puraque
1220 3465 1255 3509 so

102 3545 252 3611 burlasen
275 3547 313 3611 de
335 3552 470 3626 nostros,
505 3571 581 3632 pero
604 3571 743 3633 paruque
768 3571 825 3614 nos
852 3548 1068 3628 dessollasseu,
1096 3572 1118 3633 y
1144 3549 1253 3633 despe-

102 3650 263 3737 daqassen.
307 3650 444 3716 Aestus
478 3652 603 3735 quando
627 3653 759 3731 venian,
791 3675 880 3719 oomo
906 3677 925 3720 a
949 3654 1171 3720 embaxadores
1203 3654 1255 3718 del

104 3755 172 3820 dios
195 3756 233 3821 de
255 3755 287 3834 la
309 3757 416 3835 tierra,
440 3757 488 3822 100
522 3758 670 3823 0011011100
693 3782 712 3823 a
734 3760 869 3839 reoebir,
906 3782 964 3825 oon
993 3759 1113 3843 grande
1134 3759 1255 3844 alegria

106 3883 268 3946 ypompa
290 3863 448 3927 solemnet
481 3886 568 3948 yne
590 3864 661 3929 avia
691 3886 808 3950 genero
839 3865 876 3930 de
908 3865 1069 3948 honrray
1099 3865 1136 3929 de
1159 3864 1254 3929 bene-

105 3964 249 4031 voleneia
272 3986 333 4048 quo
355 3988 397 4030 no
428 3968 473 4032 les
502 3969 661 4035 haziemos
694 3971 827 4036 todosu
859 3971 959 4055 perfia
989 3992 1069 4035 unos
1099 3970 1137 4034 de
1159 3973 1254 4034 otrus.

104 4069 221 4148 Cornu,
253 4094 275 4154 y
304 4061 371 4136 0010
394 4094 435 4137 110
459 4095 491 4138 00
514 4077 654 4159 reyneri
678 4075 786 4140 Jamas
814 4075 856 4140 ha
871 4076 962 4141 avido
976 4079 1092 4160 tyrano
1116 4096 1176 4157 que
1197 4097 1257 4159 aya

104 4174 221 4260 podido
244 4175 393 4240 eueubrir
418 4199 455 4241 su
470 4177 662 4262 vellequeria
684 4181 960 4267 ydesverguenqa,
988 4180 1026 4246 de
1045 4202 1175 4246 manere
1196 4203 1258 4266 que

105 4301 147 4344 no
179 4301 240 4363 aya
272 4280 341 4345 sido
375 4282 524 4347 eonooida
558 4283 595 4349 de
628 4285 660 4349 la
683 4307 794 4370 mayor
828 4290 918 4371 parte
950 4286 987 4351 de
1017 4287 1064 4351 los
1097 4286 1256 4352 hombres.

104 4384 186 4452 Pero
209 4407 276 4452 esse
304 4408 385 4474 gran
408 4395 500 4454 serior
523 4392 660 4456 01010110
681 4413 719 4456 su
738 4391 864 4478 tyrania
882 4391 1193 4476 oruelissimamente,
1214 4414 1257 4461 uo
